2624 4680
712 349 769 417 36,

253 526 376 594 habere
403 517 626 596 domicilium,
655 517 836 606 intelligar,
863 518 893 585 ai
915 541 981 607 quo
1003 519 1078 586 loco
1108 541 1194 610 opue
1214 531 1260 588 eat

139 707 143 718 ,
206 655 208 660 “
255 641 296 706 ιιι]
317 632 507 704 Atiatotelis
529 630 754 699 testimonium
774 629 1060 711 confirmandum,
1081 632 1261 701 ePlatonie

253 749 432 820 Phaedone
453 768 486 834 p.
498 740 571 812 100.
590 767 619 809 a.
640 743 757 834 steph.
778 742 932 832 Sophiata
950 732 985 833 p.
998 729 1074 814 259.
1095 769 1127 816 a.
1147 747 1262 837 Steph.

254 861 495 949 Quaerendum
515 869 626 923 autem
648 847 714 939 esf,
741 858 909 943 quomodo
929 857 1126 925 Aristotelea
1146 859 1263 927 Plato-

254 999 332 1044 nem
352 995 475 1041 nomen
495 982 625 1036 tantum
639 965 952 1050 'mutasse'dixerita
976 971 1147 1039 diversum
1170 974 1259 1040 enim

133 1153 136 1160 ,
203 1098 205 1102 ‘
232 1133 234 1139 ,
254 1090 387 1156 videtur
401 1084 543 1163 imitari,
563 1103 602 1148 ao
614 1083 664 1148 rei
678 1078 874 1171 participem
890 1106 970 1151 eoae.
1012 1084 1154 1152 intereat
1172 1099 1259 1153 certe

156 1181 158 1184 ⁵
218 1179 222 1183 ²
254 1172 380 1288 aliquid
407 1197 495 1264 inter
525 1198 649 1277 μίμησιν
677 1205 709 1260 et
728 1195 873 1277 μέθεξιν,
906 1206 943 1262 ut
965 1195 1062 1264 aliter
1090 1220 1166 1264 rem
1192 1197 1258 1265 eibi

213 1332 240 1387 ξι
253 1311 448 1401 cogitauerit
467 1310 575 1385 Plato,
605 1307 701 1378 aliter
723 1295 934 1394 Pythagorei.
997 1307 1144 1396 Utrique
1162 1301 1258 1376 'enim

244 1408 449 1516 inproprie
470 1421 573 1488 ver-ho
593 1438 673 1486 anae
689 1418 778 1499 viaet
799 1442 863 1507 qua
883 1421 924 1487 ad
946 1413 1118 1489 notionem
1137 1439 1258 1511 parve-⁴

251 1540 380 1628 nerint,
403 1534 584 1619 vestigium
603 1529 825 1618 reliquerunt,
845 1532 940 1601 Plato
959 1530 1167 1616 dialecticae,
1188 1535 1257 1624 Py·

251 1649 404 1739 thagorei
430 1645 677 1713 mathematicae
704 1657 737 1710 ot
758 1643 927 1734 physicae.
988 1648 1067 1727 tlte,
1094 1659 1140 1746 ut¹
1163 1671 1257 1715 com·

251 1763 347 1833 muni
375 1760 511 1827 notione
533 1759 631 1824 rebua'
651 1756 756 1824 nuxis
782 1760 999 1826 constantiam
1026 1759 1180 1847 afferret,
1214 1763 1256 1828 ad
1288 1812 1294 1823 .

134 1929 144 1941 a
250 1881 311 1941 τῶν
331 1873 420 1940 ἰδεῶν
439 1871 568 1953 μέθεξιν
593 1870 719 1935 delatus
740 1881 805 1951 eat;
824 1871 878 1949 hi,
904 1872 1083 1958 quoniam,
1111 1874 1256 1960 quaesit

251 2005 469 2055 numerorum
484 1982 523 2051 in
541 1981 639 2049 rebue
658 1983 718 2063 via,
737 1995 994 2073 peraperterunt,¹
1022 1984 1081 2052 hae
1092 2009 1256 2064 *numero-

172 2118 175 2123 “
250 2123 329 2167 rum
348 2097 568 2165 imitationem
590 2096 808 2185 appellabant.
858 2096 1078 2184 Pythagorei,
1112 2101 1256 2189 reposita

251 2235 387 2288 eorum,
417 2231 502 2298 quae
529 2209 565 2274 in
592 2208 722 2294 singula
749 2230 900 2294 quaeque
919 2212 1059 2290 cadunt,
1083 2211 1255 2292 infinitate,

216 2372 219 2378 ·
250 2349 304 2394 rea
331 2325 417 2414 ipsae
442 2332 601 2389 numeror
634 2344 705 2387 ease
729 2322 784 2388 vel
811 2333 901 2389 certe
925 2345 1043 2389 eorum
1072 2323 1254 2410 imaginem

147 2502 149 2511 ,
250 2435 476 2508 affirmabant3
494 2433 589 2500 Plato
609 2445 721 2500 autern
739 2432 824 2500 hano
840 2458 955 2502 rerum
971 2435 1168 2503 intinitatem
1180 2461 1273 2505 ma·.

203 2603 209 2620 ι
249 2551 298 2634 gia
311 2541 487 2634 agnoscens
504 2568 579 2611 eam
592 2547 790 2634 temperavit
810 2559 842 2613 et
858 2567 898 2613 eo
915 2547 1079 2629 firmavit,
1107 2551 1196 2636 quod
1217 2551 1254 2620 in

248 2672 459 2727 aeternarum
479 2656 631 2724 idearum
649 2670 779 2746 partem
798 2661 944 2727 vocabat.
987 2660 1046 2729 Ab
1068 2660 1131 2728 hae
1151 2663 1254 2751 igitur

223 2756 341 2863 'parte
360 2771 456 2838 Plato
474 2793 600 2837 nomen
628 2782 754 2841 tantum
776 2785 921 2840 mutasse
946 2773 1057 2841 minua
1076 2774 1160 2856 juste
1185 2778 1253 2846 dioi

247 2893 370 2973 poteat3
407 2883 630 2969 nequeenim
657 2886 829 2964 notionem
855 2886 991 2952 aliunde
1018 2901 1187 2978 acoeptatn
1215 2894 1253 2960 iu

246 3020 345 3064 auum
362 3017 459 3061 naum
481 2997 661 3077 convertit,
682 2998 740 3064 aed
762 2997 899 3087 propria
922 3000 1061 3089 proprie
1082 3003 1252 3091 signifiea-

245 3111 303 3178 vit.
346 3107 405 3175 Sin
415 3119 526 3175 autem
539 3108 575 3174 id
589 3109 697 3176 aulum
712 3122 890 3199 spectatur,
909 3136 951 3179 an
966 3114 1098 3181 diversa
1112 3117 1167 3183 vel
1183 3141 1250 3184 nn-

118 3304 120 3310 ,
143 3252 147 3258 ·
243 3210 417 3291 merorum
433 3220 487 3287 vel
505 3220 657 3288 idearum
677 3222 764 3318 apud
779 3223 1006 3312 Pythagoreos
1026 3239 1059 3293 et
1072 3228 1249 3299 Platonem

243 3345 400 3401 cernatur
417 3334 485 3414 via,
506 3330 603 3402 acuta
622 3335 758 3422 quidem
772 3336 986 3419 Aristotelea,
1004 3362 1044 3406 re
1063 3363 1145 3408 vera
1165 3317 1262 3411 ean-i

242 3447 320 3513 dem
339 3469 410 3519 eane
428 3446 604 3516 rationem.
659 3447 741 3514 Sive
760 3448 852 3515 enim
877 3446 1030 3525 idearum
1049 3455 1091 3520 ait
1109 3456 1248 3539 μέθεξις,

242 3560 312 3655 aive
324 3560 464 3641 μίμησις,
483 3559 521 3648 in
537 3559 637 3626 rebus
651 3562 731 3650 ipsis
750 3563 899 3630 absoluta
913 3563 989 3631 idea
1009 3588 1078 3632 uon
1095 3581 1247 3657 apparet,

82 3731 91 3743 ,
184 3752 186 3756 ³
239 3664 458 3738 aed‘inlinitie
484 3671 591 3759 iisque
621 3671 853 3742 fluctuantibus
878 3693 993 3744 rerum
1021 3678 1110 3744 notia
1135 3703 1244 3770 paene

240 3782 378 3850 obruta(
417 3778 517 3850 Unde
535 3796 569 3850 et
587 3784 662 3870 lieri
682 3784 853 3869 existimo,
875 3801 911 3855 ut
932 3789 1044 3870 Plato,
1068 3791 1124 3857 ubi
1145 3793 1241 3863 ideae

234 3896 277 3963 ad
298 3917 413 3963 rerum
434 3907 588 3965 naturam
615 3897 851 3982 conferuntur,
879 3900 982 3985 ,hujus
1003 3903 1096 3970 vooia
1112 3908 1243 3990 μέθεξις

232 4007 341 4077 minue
366 4007 410 4074 ait
441 4008 556 4087 tenax,
580 4010 621 4078 ati
642 3994 931 4104 Pythagoreorum
965 4022 1072 4084 tuum'
1095 4021 1238 4111 propina
