2624 4680
590 307 795 406 '2'

169 491 367 550 oonsensum
395 456 602 565 negligerent·
620 476 674 543 vel
702 470 906 543 in'l’latonis'
933 470 1094 569 sententia
1114 470 1173 539 de-

170 594 317 663 finienda
345 590 451 656 otium
487 589 550 655 sibi
579 589 702 671 facturn
731 609 799 654 esse
826 585 1017 665 crederent,
1052 595 1114 668 aut
1137 593 1190 648 ut·

169 718 290 774 tectam
310 701 477 790 quandam
497 701 531 765 in
547 700 689 788 ,dialogis
713 697 989 765 dissimulantiam
1011 697 1065 762 vel
1081 695 1173 761 timi·

40 885 49 899 ,
170 819 248 884 dam
285 836 385 880 verae
424 811 605 877 sententiae
639 834 718 877 suae
759 810 1010 878 occultationem
1028 806 1173 896 'Platoni

170 926 392 1013 effingerent}
425 923 548 989 horum
583 934 672 988 certe
716 921 802 987 ratio
838 921 937 1006 digna
973 919 1056 1007 fuit,
1091 941 1173 1006 quae

144 1095 146 1098 ,
170 1038 291 1109 acriter
312 1034 536 1121 castigaretur·
592 1032 695 1100 Missa
716 1032 778 1098 hac
800 1031 982 1117 inveterata
1015 1032 1173 1122 opinione

126 1194 128 1199 ν
169 1171 271 1236 quum
295 1146 387 1212 Plato
407 1170 425 1211 e
442 1131 580 1213 Platone
600 1144 739 1233 intelligi
758 1126 963 1222 studeretur,
984 1147 1081 1210 unius
1100 1150 1174 1210 ma·

169 1260 262 1345 xime
284 1257 350 1324 viri
371 1259 517 1326 acumini
535 1270 567 1324 et
588 1258 754 1345 sagacitati
774 1256 924 1342 contigit,
944 1268 982 1322 ut
1000 1256 1119 1323 intima
1139 1267 1172 1323 et

74 1373 81 1381 “
170 1370 353 1459 necessaria
366 1367 513 1436 Platonis
533 1370 741 1456 dialogorum
763 1368 1170 1458 conjunctioperspioere·
1202 1365 1221 1426 f

168 1494 242 1562 tur,
257 1485 355 1568 sitque
375 1492 412 1546 ιιι
431 1483 476 1548 ita
490 1481 637 1569 singulae
655 1483 801 1550 Platonis
822 1483 1018 1561 sententiae,
1038 1494 1171 1569 sparsae

169 1605 266 1663 antea
281 1593 341 1661 *vet
360 1591 470 1660 alieno
490 1594 623 1662 vinculo
643 1617 808 1670 annexae,
832 1593 891 1660 uni
910 1593 1040 1660 formae
1060 1604 1093 1657 et
1110 1615 1170 1658 suo

168 1707 280 1773 ordini
298 1704 530 1773 redderentur.
571 1706 636 1771 Sed
657 1706 724 1773 viri
740 1707 844 1784 docti,
869 1706 950 1772 dnm
964 1705 1095 1792 egregia
1108 1703 1172 1771 hac
1196 1780 1199 1787 Ι

165 1815 313 1908 Platonis
348 1813 494 1904 imagine
514 1819 717 1891 delectantur
745 1840 887 1906 eamque
914 1818 957 1884 ad
985 1818 1170 1884 absolutam

166 1929 334 2020 quandam
353 1940 386 1994 et
404 1929 543 2017 politam
564 1930 801 2020 perfectionem
821 1933 1004 2020 perducere
1026 1930 1115 2028 inter
1135 1954 1176 1999 se

167 2051 310 2143 certant,
343 2040 412 2124 jam
433 2044 469 2109 in
489 2044 691 2110 contrariam
712 2042 875 2109 inclinant
895 2052 1044 2132 partem,
1071 2055 1109 2110 ιιι
1131 2043 1168 2111 in

167 2138 268 2223 solius
294 2135 448 2222 Platonis
489 2155 619 2258 scriptis
657 2154 882 2252 acquiescant,
917 2155 1048 2237 omnia,
1084 2177 1169 2244 quae

166 2279 298 2358 praeter
324 2267 407 2337 haec
438 2265 481 2334 de
508 2268 579 2373 ejus
607 2267 775 2336 sententiis
802 2267 973 2354 leguntur,
1012 2278 1169 2356 tanquam

166 2377 391 2468 posteriorum
419 2393 606 2447 commenta
627 2393 849 2481 aspernantes
875 2414 920 2432 -
949 2379 1015 2447 sed
1037 2383 1170 2452 diversa
1203 2370 1205 2376 Ι

112 2487 115 2490 “
165 2501 245 2556 sunt
263 2490 448 2561 adulterina
467 2494 709 2581 posteriorum,
730 2495 860 2561 diversa
875 2493 1022 2580 genuina
1042 2478 1170 2584 aequa-

164 2603 249 2670 lium
268 2603 466 2671 testimonia.
493 2599 599 2672 Aliud
612 2591 664 2673 ‘est
676 2629 829 2673 arcanam
844 2607 1009 2701 quandam
1023 2619 1169 2676 statuere

131 2789 134 2793 ,
164 2699 425 2805 philosophiam,
458 2717 594 2806 'populo
641 2718 822 2800 occlusam,
866 2716 994 2784 intimis
1034 2731 1166 2793 tautum

164 2813 334 2917 discipulis
369 2826 464 2915 quasi
499 2851 561 2917 per
589 2853 707 2917 manus
733 2831 913 2912 orditam:
951 2829 1041 2900 aliud
1072 2849 1164 2904 certe

165 2938 292 3005 scholas
312 2962 382 3004 esse
408 2937 552 3019 habitas,
582 2942 644 3010 etsi
667 2966 737 3009 non
759 2944 833 3010 ab
822 2967 912 3034 rpso,
939 2955 1050 3013 tamen
1069 2971 1091 3015 a
1109 2949 1163 3016 di·

164 3049 297 3139 'scipulis
316 3051 421 3146 literis
441 3053 610 3120 mandatas
630 3067 665 3120 et
690 3057 726 3122 in
749 3057 869 3144 vulgus
897 3057 1039 3127 emissas.
1081 3061 1161 3146 Quo

124 3157 126 3161 ’
161 3150 361 3251 pertinent'
343 3188 466 3295 αρραφιι
475 3159 609 3254 δόγματα
620 3160 665 3233 ab
677 3166 857 3235 Aristotele
870 3170 1001 3238 laudata
1022 3173 1164 3261 (physic.

161 3273 225 3341 IV.
240 3275 289 3354 2.)
307 3287 342 3363 el
361 3273 489 3364 ἰὶρραριι
510 3284 681 3369 συνουσίαι,
704 3303 784 3367 quas
798 3305 818 3345 a
838 3281 1005 3373 discipulis
1023 3285 1160 3363 Aristo-

114 3391 119 3401 “
161 3387 241 3470 tele,
269 3387 464 3466 Heraclide,
493 3390 650 3458 Hestiaeo
669 3403 705 3458 et
733 3394 805 3459 aliis
823 3394 929 3460 liter-is
956 3397 1176 3493 consignatas

161 3521 231 3565 esse
255 3479 443 3589 Simplicius
469 3503 575 3569 tradit
591 3509 625 3586 ¹)
660 3516 732 3592 tum
768 3505 848 3572 libri
866 3505 1057 3576 Aristotelis
1085 3513 1158 3600 aspi
1203 3541 1206 3554 ¹

162 3724 364 3772 Ι*

148 3825 212 3940 l)
230 3871 353 3941 simplic.
375 3870 426 3926 ιι]
435 3868 520 3942 pays.
535 3874 595 3933 101.
615 3880 670 3941 32(
683 3880 722 3952 B,
751 3879 913 3940 Alexandro
940 3854 1155 3957 Aphrodision

222 3962 382 4029 paduano
398 3970 476 4016 teste.
508 3959 558 4018 iol.
576 3954 683 4022 104.B.
891 3998 894 4003 ·
