<?xml version="1.0" encoding="UTF-8"?>
<!DOCTYPE html PUBLIC "-//W3C//DTD XHTML 1.0 Transitional//EN"
    "http://www.w3.org/TR/xhtml1/DTD/xhtml1-transitional.dtd">
<html xmlns="http://www.w3.org/1999/xhtml" xml:lang="en" lang="en">
 <head>
  <title>
</title>
<meta http-equiv="Content-Type" content="text/html;charset=utf-8" />
  <meta name='ocr-system' content='tesseract 3.04.00' />
  <meta name='ocr-capabilities' content='ocr_page ocr_carea ocr_par ocr_line ocrx_word'/>
</head>
<body>
  <div class='ocr_page' id='page_1' title='image "./platonisdeideis00trengoog_0106.png"; bbox 0 0 2624 4680; ppageno 0'>
   <div class='ocr_carea' id='block_1_1' title="bbox 728 319 772 384">
    <p class='ocr_par' dir='ltr' id='par_1_1' title="bbox 728 319 772 384">
     <span class='ocr_line' id='line_1_1' title="bbox 728 319 772 384; baseline -0.045 0"><span class='ocrx_word' id='word_1_1' title='bbox 728 319 772 384; x_wconf 81' lang='lat'>82</span> 
     </span>
    </p>
   </div>
   <div class='ocr_carea' id='block_1_2' title="bbox 250 488 1257 693">
    <p class='ocr_par' dir='ltr' id='par_1_2' title="bbox 250 488 1257 693">
     <span class='ocr_line' id='line_1_2' title="bbox 250 488 1256 580; baseline -0.006 -21"><span class='ocrx_word' id='word_1_2' title='bbox 250 495 341 559; x_wconf 90' lang='lat' dir='ltr'>dunt.</span> <span class='ocrx_word' id='word_1_3' title='bbox 386 491 426 557; x_wconf 90' lang='lat' dir='ltr'>ln</span> <span class='ocrx_word' id='word_1_4' title='bbox 448 513 605 556; x_wconf 87' lang='lat' dir='ltr'>numeros</span> <span class='ocrx_word' id='word_1_5' title='bbox 627 499 737 554; x_wconf 87' lang='lat' dir='ltr'>autern</span> <span class='ocrx_word' id='word_1_6' title='bbox 752 488 814 554; x_wconf 90' lang='lat' dir='ltr'>hac</span> <span class='ocrx_word' id='word_1_7' title='bbox 834 490 963 556; x_wconf 88' lang='lat' dir='ltr'>ratione</span> <span class='ocrx_word' id='word_1_8' title='bbox 978 490 1070 578; x_wconf 85' lang='lat' dir='ltr'>prius</span> <span class='ocrx_word' id='word_1_9' title='bbox 1091 503 1124 556; x_wconf 91' lang='lat' dir='ltr'>et</span> <span class='ocrx_word' id='word_1_10' title='bbox 1147 502 1256 580; x_wconf 84' lang='lat' dir='ltr'>poste-</span> 
     </span>
     <span class='ocr_line' id='line_1_3' title="bbox 250 603 1257 693; baseline -0.006 -20"><span class='ocrx_word' id='word_1_11' title='bbox 250 608 320 673; x_wconf 84' lang='lat' dir='ltr'>rius</span> <span class='ocrx_word' id='word_1_12' title='bbox 342 605 445 683; x_wconf 84' lang='lat' dir='ltr'>cadit3</span> <span class='ocrx_word' id='word_1_13' title='bbox 467 603 631 692; x_wconf 82' lang='lat' dir='ltr'><strong>posterior</strong></span> <span class='ocrx_word' id='word_1_14' title='bbox 656 603 746 668; x_wconf 90' lang='lat' dir='ltr'>enim</span> <span class='ocrx_word' id='word_1_15' title='bbox 762 606 1021 668; x_wconf 73' lang='lat' dir='ltr'>enumerorum</span> <span class='ocrx_word' id='word_1_16' title='bbox 1040 604 1130 670; x_wconf 88' lang='lat' dir='ltr'>serie</span> <span class='ocrx_word' id='word_1_17' title='bbox 1151 604 1257 693; x_wconf 85' lang='lat' dir='ltr'>priori</span> 
     </span>
    </p>
   </div>
   <div class='ocr_carea' id='block_1_3' title="bbox 70 707 1257 806">
    <p class='ocr_par' dir='ltr' id='par_1_3' title="bbox 70 707 1257 806">
     <span class='ocr_line' id='line_1_4' title="bbox 70 707 1257 806; baseline 0.001 -25"><span class='ocrx_word' id='word_1_18' title='bbox 70 772 74 781; x_wconf 92' lang='lat'><strong>.</strong></span> <span class='ocrx_word' id='word_1_19' title='bbox 145 707 151 712; x_wconf 43' lang='lat'>¹</span> <span class='ocrx_word' id='word_1_20' title='bbox 251 733 407 806; x_wconf 86' lang='lat' dir='ltr'>tanquam</span> <span class='ocrx_word' id='word_1_21' title='bbox 430 716 620 783; x_wconf 87' lang='lat' dir='ltr'>conditione</span> <span class='ocrx_word' id='word_1_22' title='bbox 643 715 760 780; x_wconf 88' lang='lat' dir='ltr'>nititur</span> <span class='ocrx_word' id='word_1_23' title='bbox 780 738 923 801; x_wconf 89' lang='lat' dir='ltr'>eumque</span> <span class='ocrx_word' id='word_1_24' title='bbox 945 716 1106 782; x_wconf 70' lang='lat' dir='ltr'>continet:</span> <span class='ocrx_word' id='word_1_25' title='bbox 1146 717 1257 802; x_wconf 88' lang='lat' dir='ltr'>Quare</span> 
     </span>
    </p>
   </div>
   <div class='ocr_carea' id='block_1_4' title="bbox 178 827 1306 4085">
    <p class='ocr_par' dir='ltr' id='par_1_4' title="bbox 178 827 1265 3394">
     <span class='ocr_line' id='line_1_5' title="bbox 252 827 1257 915; baseline -0.003 -17"><span class='ocrx_word' id='word_1_26' title='bbox 252 831 438 898; x_wconf 85' lang='lat' dir='ltr'>communis</span> <span class='ocrx_word' id='word_1_27' title='bbox 473 831 625 896; x_wconf 92' lang='lat' dir='ltr'>omnium</span> <span class='ocrx_word' id='word_1_28' title='bbox 663 851 882 894; x_wconf 89' lang='lat' dir='ltr'>numerorum</span> <span class='ocrx_word' id='word_1_29' title='bbox 910 828 986 894; x_wconf 85' lang='lat' dir='ltr'>idea</span> <span class='ocrx_word' id='word_1_30' title='bbox 1020 827 1096 915; x_wconf 75' lang='lat' dir='ltr'>(wir</span> <span class='ocrx_word' id='word_1_31' title='bbox 1117 829 1257 915; x_wconf 68' lang='grc' dir='ltr'>ἀριθμῶν</span> 
     </span>
     <span class='ocr_line' id='line_1_6' title="bbox 250 939 1256 1034; baseline -0.003 -24"><span class='ocrx_word' id='word_1_32' title='bbox 250 945 331 1027; x_wconf 79' lang='lat' dir='ltr'>lds&#39;a)</span> <span class='ocrx_word' id='word_1_33' title='bbox 353 943 466 1034; x_wconf 87' lang='lat' dir='ltr'>parari</span> <span class='ocrx_word' id='word_1_34' title='bbox 487 967 557 1028; x_wconf 79' lang='lat' dir='ltr'>non</span> <span class='ocrx_word' id='word_1_35' title='bbox 585 939 697 1007; x_wconf 83' lang='lat' dir='ltr'>licuit&#39;</span> <span class='ocrx_word' id='word_1_36' title='bbox 731 940 859 1025; x_wconf 85' lang='lat' dir='ltr'>Singuli</span> <span class='ocrx_word' id='word_1_37' title='bbox 881 963 963 1005; x_wconf 88' lang='lat' dir='ltr'>vero</span> <span class='ocrx_word' id='word_1_38' title='bbox 985 942 1138 1019; x_wconf 84' lang='lat' dir='ltr'>numeri,</span> <span class='ocrx_word' id='word_1_39' title='bbox 1162 965 1256 1032; x_wconf 85' lang='lat' dir='ltr'>pras-</span> 
     </span>
     <span class='ocr_line' id='line_1_7' title="bbox 251 1051 1255 1144; baseline -0.006 -21"><span class='ocrx_word' id='word_1_40' title='bbox 251 1060 367 1124; x_wconf 82' lang='lat' dir='ltr'>sertim</span> <span class='ocrx_word' id='word_1_41' title='bbox 387 1051 592 1144; x_wconf 76' lang='grc' dir='ltr'>ἀσύμβλητοι,</span> <span class='ocrx_word' id='word_1_42' title='bbox 627 1053 801 1139; x_wconf 84' lang='lat' dir='ltr'>inquibus</span> <span class='ocrx_word' id='word_1_43' title='bbox 829 1076 890 1140; x_wconf 87' lang='lat' dir='ltr'>per</span> <span class='ocrx_word' id='word_1_44' title='bbox 917 1077 953 1118; x_wconf 91' lang='lat' dir='ltr'>se</span> <span class='ocrx_word' id='word_1_45' title='bbox 982 1054 1146 1136; x_wconf 89' lang='lat' dir='ltr'>ejusmodi</span> <span class='ocrx_word' id='word_1_46' title='bbox 1175 1054 1255 1120; x_wconf 90' lang='lat' dir='ltr'>ratio</span> 
     </span>
     <span class='ocr_line' id='line_1_8' title="bbox 252 1164 1259 1255; baseline -0.003 -19"><span class='ocrx_word' id='word_1_47' title='bbox 252 1196 320 1237; x_wconf 89' lang='lat' dir='ltr'>non</span> <span class='ocrx_word' id='word_1_48' title='bbox 336 1170 478 1248; x_wconf 90' lang='lat' dir='ltr'>obtinet,</span> <span class='ocrx_word' id='word_1_49' title='bbox 500 1167 676 1255; x_wconf 81' lang='lat' dir='ltr'>quominus</span> <span class='ocrx_word' id='word_1_50' title='bbox 696 1166 787 1245; x_wconf 82' lang='lat' dir='ltr'>ideae</span> <span class='ocrx_word' id='word_1_51' title='bbox 804 1164 900 1242; x_wconf 88' lang='lat' dir='ltr'>fiant,</span> <span class='ocrx_word' id='word_1_52' title='bbox 921 1165 973 1230; x_wconf 90' lang='lat' dir='ltr'>his</span> <span class='ocrx_word' id='word_1_53' title='bbox 989 1188 1057 1231; x_wconf 91' lang='lat' dir='ltr'>non</span> <span class='ocrx_word' id='word_1_54' title='bbox 1076 1167 1259 1255; x_wconf 86' lang='lat' dir='ltr'>prohiben-</span> 
     </span>
     <span class='ocr_line' id='line_1_9' title="bbox 221 1254 1259 1371; baseline -0.005 -21"><span class='ocrx_word' id='word_1_55' title='bbox 221 1332 226 1341; x_wconf 82' lang='grc'><strong>-</strong></span> <span class='ocrx_word' id='word_1_56' title='bbox 252 1297 315 1351; x_wconf 91' lang='lat' dir='ltr'>tur.</span> <span class='ocrx_word' id='word_1_57' title='bbox 357 1284 408 1348; x_wconf 88' lang='lat' dir='ltr'>Ita</span> <span class='ocrx_word' id='word_1_58' title='bbox 430 1283 522 1370; x_wconf 90' lang='lat' dir='ltr'>prius</span> <span class='ocrx_word' id='word_1_59' title='bbox 545 1293 577 1348; x_wconf 87' lang='lat' dir='ltr'>et</span> <span class='ocrx_word' id='word_1_60' title='bbox 598 1280 760 1371; x_wconf 78' lang='lat' dir='ltr'>posterius</span> <span class='ocrx_word' id='word_1_61' title='bbox 783 1254 1117 1345; x_wconf 83' lang='lat' dir='ltr'>admathematicum</span> <span class='ocrx_word' id='word_1_62' title='bbox 1142 1284 1259 1347; x_wconf 86' lang='lat' dir='ltr'>nume-</span> 
     </span>
     <span class='ocr_line' id='line_1_10' title="bbox 215 1392 1259 1482; baseline -0.002 -20"><span class='ocrx_word' id='word_1_63' title='bbox 215 1470 218 1477; x_wconf 30' lang='lat'>·</span> <span class='ocrx_word' id='word_1_64' title='bbox 252 1421 329 1463; x_wconf 85' lang='lat' dir='ltr'>rum</span> <span class='ocrx_word' id='word_1_65' title='bbox 354 1397 530 1461; x_wconf 84' lang='lat' dir='ltr'>remissum</span> <span class='ocrx_word' id='word_1_66' title='bbox 552 1406 608 1460; x_wconf 83' lang='lat' dir='ltr'>est.</span> <span class='ocrx_word' id='word_1_67' title='bbox 673 1394 750 1458; x_wconf 87' lang='lat' dir='ltr'>Hoc</span> <span class='ocrx_word' id='word_1_68' title='bbox 778 1402 811 1454; x_wconf 91' lang='lat' dir='ltr'>et</span> <span class='ocrx_word' id='word_1_69' title='bbox 836 1402 974 1478; x_wconf 88' lang='lat' dir='ltr'>propter</span> <span class='ocrx_word' id='word_1_70' title='bbox 995 1392 1044 1455; x_wconf 90' lang='lat' dir='ltr'>rei</span> <span class='ocrx_word' id='word_1_71' title='bbox 1067 1404 1102 1457; x_wconf 88' lang='lat' dir='ltr'>et</span> <span class='ocrx_word' id='word_1_72' title='bbox 1122 1406 1259 1482; x_wconf 87' lang='lat' dir='ltr'>propter</span> 
     </span>
     <span class='ocr_line' id='line_1_11' title="bbox 252 1503 1261 1597; baseline -0.003 -22"><span class='ocrx_word' id='word_1_73' title='bbox 252 1512 317 1577; x_wconf 91' lang='lat' dir='ltr'>loci</span> <span class='ocrx_word' id='word_1_74' title='bbox 335 1511 381 1575; x_wconf 92' lang='lat' dir='ltr'>de</span> <span class='ocrx_word' id='word_1_75' title='bbox 403 1508 509 1597; x_wconf 82' lang='lat' dir='ltr'>priori</span> <span class='ocrx_word' id='word_1_76' title='bbox 530 1519 563 1572; x_wconf 88' lang='lat' dir='ltr'>et</span> <span class='ocrx_word' id='word_1_77' title='bbox 587 1503 764 1595; x_wconf 77' lang='lat' dir='ltr'>posteriori</span> <span class='ocrx_word' id='word_1_78' title='bbox 786 1525 981 1567; x_wconf 88' lang='lat' dir='ltr'>consensum</span> <span class='ocrx_word' id='word_1_79' title='bbox 1008 1506 1261 1588; x_wconf 80' lang='lat' dir='ltr'>starevidetur,</span> 
     </span>
     <span class='ocr_line' id='line_1_12' title="bbox 254 1615 1262 1688; baseline -0.004 0"><span class='ocrx_word' id='word_1_80' title='bbox 254 1635 293 1688; x_wconf 86' lang='lat' dir='ltr'>ut</span> <span class='ocrx_word' id='word_1_81' title='bbox 313 1622 495 1688; x_wconf 85' lang='lat' dir='ltr'>verborum</span> <span class='ocrx_word' id='word_1_82' title='bbox 523 1641 565 1683; x_wconf 88' lang='lat' dir='ltr'>ex</span> <span class='ocrx_word' id='word_1_83' title='bbox 587 1618 700 1682; x_wconf 89' lang='lat' dir='ltr'>ethicis</span> <span class='ocrx_word' id='word_1_84' title='bbox 725 1616 806 1681; x_wconf 87' lang='lat' dir='ltr'>fides</span> <span class='ocrx_word' id='word_1_85' title='bbox 823 1615 961 1680; x_wconf 83' lang='lat' dir='ltr'>&#39;elevari</span> <span class='ocrx_word' id='word_1_86' title='bbox 982 1639 1049 1680; x_wconf 89' lang='lat' dir='ltr'>non</span> <span class='ocrx_word' id='word_1_87' title='bbox 1072 1617 1200 1684; x_wconf 86' lang='lat' dir='ltr'>debeat.</span> <span class='ocrx_word' id='word_1_88' title='bbox 1220 1657 1262 1671; x_wconf 93' lang='lat'><em>-</em></span> 
     </span>
     <span class='ocr_line' id='line_1_13' title="bbox 255 1722 1264 1821; baseline -0.001 -22"><span class='ocrx_word' id='word_1_89' title='bbox 255 1736 319 1799; x_wconf 88' lang='lat' dir='ltr'>Sed</span> <span class='ocrx_word' id='word_1_90' title='bbox 345 1722 425 1819; x_wconf 89' lang='lat' dir='ltr'>quid</span> <span class='ocrx_word' id='word_1_91' title='bbox 445 1731 579 1798; x_wconf 88' lang='lat' dir='ltr'>tandem</span> <span class='ocrx_word' id='word_1_92' title='bbox 594 1732 697 1794; x_wconf 88' lang='lat' dir='ltr'>altero</span> <span class='ocrx_word' id='word_1_93' title='bbox 720 1726 1024 1821; x_wconf 86' lang='lat' dir='ltr'>metaphysicorum</span> <span class='ocrx_word' id='word_1_94' title='bbox 1046 1729 1122 1795; x_wconf 89' lang='lat' dir='ltr'>loco</span> <span class='ocrx_word' id='word_1_95' title='bbox 1139 1729 1264 1798; x_wconf 83' lang='lat' dir='ltr'>facien-</span> 
     </span>
     <span class='ocr_line' id='line_1_14' title="bbox 257 1838 1263 1928; baseline 0 -18"><span class='ocrx_word' id='word_1_96' title='bbox 257 1847 360 1910; x_wconf 78' lang='lat' dir='ltr'>dum?</span> <span class='ocrx_word' id='word_1_97' title='bbox 403 1845 505 1909; x_wconf 86' lang='lat' dir='ltr'>Plane</span> <span class='ocrx_word' id='word_1_98' title='bbox 527 1844 617 1907; x_wconf 91' lang='lat' dir='ltr'>enim</span> <span class='ocrx_word' id='word_1_99' title='bbox 634 1842 836 1906; x_wconf 85' lang='lat' dir='ltr'>adversatur.</span> <span class='ocrx_word' id='word_1_100' title='bbox 880 1838 917 1903; x_wconf 90' lang='lat' dir='ltr'>Si</span> <span class='ocrx_word' id='word_1_101' title='bbox 934 1839 1092 1905; x_wconf 88' lang='lat' dir='ltr'>mendum</span> <span class='ocrx_word' id='word_1_102' title='bbox 1112 1864 1263 1928; x_wconf 85' lang='lat' dir='ltr'>quaeras,</span> 
     </span>
     <span class='ocr_line' id='line_1_15' title="bbox 257 1951 1263 2043; baseline 0 -20"><span class='ocrx_word' id='word_1_103' title='bbox 257 1958 321 2036; x_wconf 90' lang='lat' dir='ltr'>hic,</span> <span class='ocrx_word' id='word_1_104' title='bbox 342 1959 377 2023; x_wconf 92' lang='lat' dir='ltr'>in</span> <span class='ocrx_word' id='word_1_105' title='bbox 402 1979 467 2043; x_wconf 85' lang='lat' dir='ltr'>quo</span> <span class='ocrx_word' id='word_1_106' title='bbox 492 1956 572 2022; x_wconf 89' lang='lat' dir='ltr'>levis</span> <span class='ocrx_word' id='word_1_107' title='bbox 596 1965 726 2019; x_wconf 88' lang='lat' dir='ltr'>tantum</span> <span class='ocrx_word' id='word_1_108' title='bbox 749 1952 874 2031; x_wconf 89' lang='lat' dir='ltr'>notitia,</span> <span class='ocrx_word' id='word_1_109' title='bbox 894 1951 1020 2031; x_wconf 87' lang='lat' dir='ltr'>majore</span> <span class='ocrx_word' id='word_1_110' title='bbox 1040 1952 1135 2032; x_wconf 88' lang='lat' dir='ltr'>jure,</span> <span class='ocrx_word' id='word_1_111' title='bbox 1165 1979 1263 2042; x_wconf 90' lang='lat' dir='ltr'>quam</span> 
     </span>
     <span class='ocr_line' id='line_1_16' title="bbox 255 2063 1262 2152; baseline 0 -15"><span class='ocrx_word' id='word_1_112' title='bbox 255 2072 313 2137; x_wconf 92' lang='lat' dir='ltr'>ille</span> <span class='ocrx_word' id='word_1_113' title='bbox 334 2070 537 2148; x_wconf 84' lang='lat' dir='ltr'>ethicorum,</span> <span class='ocrx_word' id='word_1_114' title='bbox 563 2069 599 2133; x_wconf 96' lang='lat' dir='ltr'>in</span> <span class='ocrx_word' id='word_1_115' title='bbox 624 2072 689 2152; x_wconf 77' lang='lat' dir='ltr'>quo</span> <span class='ocrx_word' id='word_1_116' title='bbox 712 2066 827 2130; x_wconf 90' lang='lat' dir='ltr'>omnia</span> <span class='ocrx_word' id='word_1_117' title='bbox 853 2063 996 2129; x_wconf 82' lang='lat' dir='ltr'>firmiter</span> <span class='ocrx_word' id='word_1_118' title='bbox 1016 2064 1080 2131; x_wconf 90' lang='lat' dir='ltr'>sibi</span> <span class='ocrx_word' id='word_1_119' title='bbox 1102 2081 1262 2148; x_wconf 85' lang='lat' dir='ltr'>constant,</span> 
     </span>
     <span class='ocr_line' id='line_1_17' title="bbox 257 2164 1264 2271; baseline 0.001 -24"><span class='ocrx_word' id='word_1_120' title='bbox 257 2185 292 2250; x_wconf 88' lang='lat' dir='ltr'>in</span> <span class='ocrx_word' id='word_1_121' title='bbox 314 2182 534 2270; x_wconf 87' lang='lat' dir='ltr'>suspicionem</span> <span class='ocrx_word' id='word_1_122' title='bbox 556 2180 709 2246; x_wconf 88' lang='lat' dir='ltr'>incurrit.</span> <span class='ocrx_word' id='word_1_123' title='bbox 760 2177 809 2243; x_wconf 85' lang='lat' dir='ltr'>Ut</span> <span class='ocrx_word' id='word_1_124' title='bbox 831 2177 943 2242; x_wconf 86' lang='lat' dir='ltr'>omnia</span> <span class='ocrx_word' id='word_1_125' title='bbox 963 2179 1052 2243; x_wconf 88' lang='lat' dir='ltr'>inter</span> <span class='ocrx_word' id='word_1_126' title='bbox 1071 2203 1108 2246; x_wconf 87' lang='lat' dir='ltr'>se</span> <span class='ocrx_word' id='word_1_127' title='bbox 1134 2164 1264 2271; x_wconf 71' lang='lat' dir='ltr'>conspi7</span> 
     </span>
     <span class='ocr_line' id='line_1_18' title="bbox 258 2287 1262 2377; baseline 0.001 -17"><span class='ocrx_word' id='word_1_128' title='bbox 258 2308 349 2373; x_wconf 91' lang='lat' dir='ltr'>rent,</span> <span class='ocrx_word' id='word_1_129' title='bbox 371 2295 539 2377; x_wconf 87' lang='lat' dir='ltr'>conjicias,</span> <span class='ocrx_word' id='word_1_130' title='bbox 562 2293 720 2358; x_wconf 87' lang='lat' dir='ltr'>excidisse</span> <span class='ocrx_word' id='word_1_131' title='bbox 742 2288 953 2376; x_wconf 86' lang='lat' dir='ltr'>negationem</span> <span class='ocrx_word' id='word_1_132' title='bbox 973 2287 1035 2374; x_wconf 73' lang='lat' dir='ltr'>psi,</span> <span class='ocrx_word' id='word_1_133' title='bbox 1056 2297 1262 2361; x_wconf 83' lang='lat' dir='ltr'>antecedenti</span> 
     </span>
     <span class='ocr_line' id='line_1_19' title="bbox 258 2403 1263 2496; baseline 0.002 -26"><span class='ocrx_word' id='word_1_134' title='bbox 258 2407 422 2495; x_wconf 87' lang='lat' dir='ltr'>particula</span> <span class='ocrx_word' id='word_1_135' title='bbox 436 2405 491 2488; x_wconf 79' lang='grc' dir='ltr'>μὲν</span> <span class='ocrx_word' id='word_1_136' title='bbox 511 2405 625 2485; x_wconf 83' lang='lat' dir='ltr'>facile,</span> <span class='ocrx_word' id='word_1_137' title='bbox 647 2415 685 2468; x_wconf 89' lang='lat' dir='ltr'>ut</span> <span class='ocrx_word' id='word_1_138' title='bbox 698 2403 754 2483; x_wconf 82' lang='lat' dir='ltr'>fit,</span> <span class='ocrx_word' id='word_1_139' title='bbox 775 2403 867 2490; x_wconf 84' lang='lat' dir='ltr'>quasi</span> <span class='ocrx_word' id='word_1_140' title='bbox 888 2404 1094 2492; x_wconf 85' lang='lat' dir='ltr'>absorptam,</span> <span class='ocrx_word' id='word_1_141' title='bbox 1118 2419 1157 2473; x_wconf 88' lang='lat' dir='ltr'>ut</span> <span class='ocrx_word' id='word_1_142' title='bbox 1175 2411 1263 2496; x_wconf 86' lang='lat' dir='ltr'>lega-</span> 
     </span>
     <span class='ocr_line' id='line_1_20' title="bbox 239 2512 1264 2606; baseline 0.006 -24"><span class='ocrx_word' id='word_1_143' title='bbox 239 2529 315 2582; x_wconf 65' lang='lat' dir='ltr'>‘tur</span> <span class='ocrx_word' id='word_1_144' title='bbox 332 2518 408 2583; x_wconf 73' lang='grc' dir='ltr'><strong>εἶναι’</strong></span> <span class='ocrx_word' id='word_1_145' title='bbox 431 2513 503 2594; x_wconf 81' lang='grc' dir='ltr'><strong><em>τοὺς</em></strong></span> <span class='ocrx_word' id='word_1_146' title='bbox 522 2515 691 2599; x_wconf 73' lang='grc' dir='ltr'><em>ἀριθμοὺς,</em></span> <span class='ocrx_word' id='word_1_147' title='bbox 714 2512 767 2581; x_wconf 73' lang='grc' dir='ltr'>τὸν</span> <span class='ocrx_word' id='word_1_148' title='bbox 788 2516 843 2600; x_wconf 76' lang='grc' dir='ltr'>μὲν</span> <span class='ocrx_word' id='word_1_149' title='bbox 863 2513 904 2597; x_wconf 75' lang='lat' dir='ltr'>pri</span> <span class='ocrx_word' id='word_1_150' title='bbox 926 2518 1032 2602; x_wconf 72' lang='grc' dir='ltr'><strong><em>ἔχοντα</em></strong></span> <span class='ocrx_word' id='word_1_151' title='bbox 1054 2514 1089 2583; x_wconf 81' lang='grc' dir='ltr'>τὸ</span> <span class='ocrx_word' id='word_1_152' title='bbox 1111 2519 1264 2606; x_wconf 66' lang='grc' dir='ltr'>πρότερον</span> 
     </span>
     <span class='ocr_line' id='line_1_21' title="bbox 259 2624 1263 2721; baseline 0.007 -28"><span class='ocrx_word' id='word_1_153' title='bbox 259 2631 311 2695; x_wconf 80' lang='grc' dir='ltr'>καὶ</span> <span class='ocrx_word' id='word_1_154' title='bbox 331 2624 456 2712; x_wconf 75' lang='grc' dir='ltr'><strong><em>ὕστερον</em></strong></span> <span class='ocrx_word' id='word_1_155' title='bbox 476 2626 529 2707; x_wconf 78' lang='grc' dir='ltr'>τὰς</span> <span class='ocrx_word' id='word_1_156' title='bbox 550 2629 640 2704; x_wconf 76' lang='grc' dir='ltr'><em>ἰδέας.</em></span> <span class='ocrx_word' id='word_1_157' title='bbox 691 2627 802 2713; x_wconf 85' lang='lat' dir='ltr'>Quam</span> <span class='ocrx_word' id='word_1_158' title='bbox 824 2629 958 2716; x_wconf 88' lang='lat' dir='ltr'>quidem</span> <span class='ocrx_word' id='word_1_159' title='bbox 978 2630 1145 2698; x_wconf 90' lang='lat' dir='ltr'>rationem</span> <span class='ocrx_word' id='word_1_160' title='bbox 1163 2635 1263 2721; x_wconf 85' lang='lat' dir='ltr'>magis</span> 
     </span>
     <span class='ocr_line' id='line_1_22' title="bbox 178 2720 1265 2832; baseline 0.004 -24"><span class='ocrx_word' id='word_1_161' title='bbox 178 2720 184 2730; x_wconf 63' lang='lat'>,</span> <span class='ocrx_word' id='word_1_162' title='bbox 261 2766 329 2808; x_wconf 89' lang='lat' dir='ltr'>esse</span> <span class='ocrx_word' id='word_1_163' title='bbox 350 2742 467 2822; x_wconf 81' lang='lat' dir='ltr'>ultima</span> <span class='ocrx_word' id='word_1_164' title='bbox 488 2764 636 2828; x_wconf 87' lang='lat' dir='ltr'>quaeque</span> <span class='ocrx_word' id='word_1_165' title='bbox 660 2741 877 2829; x_wconf 75' lang='lat' dir='ltr'>experientis,</span> <span class='ocrx_word' id='word_1_166' title='bbox 904 2764 1002 2828; x_wconf 87' lang='lat' dir='ltr'>quam</span> <span class='ocrx_word' id='word_1_167' title='bbox 1025 2749 1265 2832; x_wconf 77' lang='lat' dir='ltr'>componentis,</span> 
     </span>
     <span class='ocr_line' id='line_1_23' title="bbox 259 2846 1263 2944; baseline 0.007 -25"><span class='ocrx_word' id='word_1_168' title='bbox 259 2855 400 2920; x_wconf 86' lang='lat' dir='ltr'>libenter</span> <span class='ocrx_word' id='word_1_169' title='bbox 429 2846 599 2919; x_wconf 86' lang='lat' dir='ltr'>confiteor.</span> <span class='ocrx_word' id='word_1_170' title='bbox 663 2853 728 2918; x_wconf 88' lang='lat' dir='ltr'>Sed</span> <span class='ocrx_word' id='word_1_171' title='bbox 757 2877 860 2941; x_wconf 88' lang='lat' dir='ltr'>quum</span> <span class='ocrx_word' id='word_1_172' title='bbox 889 2878 950 2942; x_wconf 91' lang='lat' dir='ltr'>per</span> <span class='ocrx_word' id='word_1_173' title='bbox 977 2879 1012 2921; x_wconf 89' lang='lat' dir='ltr'>se</span> <span class='ocrx_word' id='word_1_174' title='bbox 1035 2880 1174 2944; x_wconf 85' lang='lat' dir='ltr'>prorsus</span> <span class='ocrx_word' id='word_1_175' title='bbox 1199 2882 1263 2927; x_wconf 88' lang='lat' dir='ltr'>non</span> 
     </span>
     <span class='ocr_line' id='line_1_24' title="bbox 244 2966 1264 3056; baseline 0.009 -26"><span class='ocrx_word' id='word_1_176' title='bbox 244 2967 403 3056; x_wconf 83' lang='lat' dir='ltr'>capiam,</span> <span class='ocrx_word' id='word_1_177' title='bbox 426 2966 505 3051; x_wconf 91' lang='lat' dir='ltr'>quid</span> <span class='ocrx_word' id='word_1_178' title='bbox 527 2966 570 3029; x_wconf 87' lang='lat' dir='ltr'>sit</span> <span class='ocrx_word' id='word_1_179' title='bbox 593 2988 750 3032; x_wconf 86' lang='lat' dir='ltr'>numerus</span> <span class='ocrx_word' id='word_1_180' title='bbox 779 2967 874 3054; x_wconf 89' lang='lat' dir='ltr'>prius</span> <span class='ocrx_word' id='word_1_181' title='bbox 907 2979 939 3032; x_wconf 87' lang='lat' dir='ltr'>et</span> <span class='ocrx_word' id='word_1_182' title='bbox 966 2971 1130 3055; x_wconf 88' lang='lat' dir='ltr'>posterius</span> <span class='ocrx_word' id='word_1_183' title='bbox 1157 2974 1264 3038; x_wconf 86' lang='lat' dir='ltr'>conti-</span> 
     </span>
     <span class='ocr_line' id='line_1_25' title="bbox 258 3076 1263 3164; baseline 0.006 -20"><span class='ocrx_word' id='word_1_184' title='bbox 258 3101 358 3155; x_wconf 86' lang='lat' dir='ltr'>nens,</span> <span class='ocrx_word' id='word_1_185' title='bbox 379 3078 425 3143; x_wconf 89' lang='lat' dir='ltr'>ita</span> <span class='ocrx_word' id='word_1_186' title='bbox 447 3076 601 3164; x_wconf 87' lang='lat' dir='ltr'>quidem,</span> <span class='ocrx_word' id='word_1_187' title='bbox 623 3088 660 3141; x_wconf 90' lang='lat' dir='ltr'>ut</span> <span class='ocrx_word' id='word_1_188' title='bbox 681 3077 743 3142; x_wconf 86' lang='lat' dir='ltr'>hac</span> <span class='ocrx_word' id='word_1_189' title='bbox 764 3092 843 3160; x_wconf 78' lang='lat' dir='ltr'>nota</span> <span class='ocrx_word' id='word_1_190' title='bbox 865 3080 906 3145; x_wconf 92' lang='lat' dir='ltr'>ab</span> <span class='ocrx_word' id='word_1_191' title='bbox 927 3081 1001 3148; x_wconf 84' lang='lat' dir='ltr'>aliis</span> <span class='ocrx_word' id='word_1_192' title='bbox 1024 3084 1175 3150; x_wconf 86' lang='lat' dir='ltr'>numeris</span> <span class='ocrx_word' id='word_1_193' title='bbox 1191 3107 1263 3150; x_wconf 89' lang='lat' dir='ltr'>om-</span> 
     </span>
     <span class='ocr_line' id='line_1_26' title="bbox 258 3189 1263 3277; baseline 0.009 -22"><span class='ocrx_word' id='word_1_194' title='bbox 258 3189 355 3255; x_wconf 90' lang='lat' dir='ltr'>nibus</span> <span class='ocrx_word' id='word_1_195' title='bbox 364 3189 604 3277; x_wconf 84' lang='lat' dir='ltr'>distinguatur:</span> <span class='ocrx_word' id='word_1_196' title='bbox 625 3189 692 3271; x_wconf 87' lang='lat' dir='ltr'>jam</span> <span class='ocrx_word' id='word_1_197' title='bbox 706 3193 797 3257; x_wconf 84' lang='lat' dir='ltr'>illam</span> <span class='ocrx_word' id='word_1_198' title='bbox 815 3193 1036 3275; x_wconf 87' lang='lat' dir='ltr'>conjecturam</span> <span class='ocrx_word' id='word_1_199' title='bbox 1054 3196 1263 3264; x_wconf 88' lang='lat' dir='ltr'>retinendam</span> 
     </span>
     <span class='ocr_line' id='line_1_27' title="bbox 258 3301 1079 3394; baseline 0.011 -28"><span class='ocrx_word' id='word_1_200' title='bbox 258 3318 393 3378; x_wconf 82' lang='lat' dir='ltr'>cen&#39;seo,</span> <span class='ocrx_word' id='word_1_201' title='bbox 417 3302 522 3369; x_wconf 88' lang='lat' dir='ltr'>donec</span> <span class='ocrx_word' id='word_1_202' title='bbox 545 3301 650 3392; x_wconf 84' lang='lat' dir='ltr'>aptius</span> <span class='ocrx_word' id='word_1_203' title='bbox 674 3304 751 3388; x_wconf 88' lang='lat' dir='ltr'>quid</span> <span class='ocrx_word' id='word_1_204' title='bbox 775 3305 875 3371; x_wconf 85' lang='lat' dir='ltr'>fuerit</span> <span class='ocrx_word' id='word_1_205' title='bbox 897 3319 1079 3394; x_wconf 84' lang='lat' dir='ltr'>repertum.</span> 
     </span>
    </p>

    <p class='ocr_par' dir='ltr' id='par_1_5' title="bbox 246 3415 1306 4085">
     <span class='ocr_line' id='line_1_28' title="bbox 341 3415 1262 3511; baseline 0.012 -32"><span class='ocrx_word' id='word_1_206' title='bbox 341 3415 378 3479; x_wconf 90' lang='lat' dir='ltr'>Si</span> <span class='ocrx_word' id='word_1_207' title='bbox 399 3416 581 3501; x_wconf 87' lang='lat' dir='ltr'>quaeritur,</span> <span class='ocrx_word' id='word_1_208' title='bbox 602 3427 682 3501; x_wconf 88' lang='lat' dir='ltr'>quot</span> <span class='ocrx_word' id='word_1_209' title='bbox 704 3416 830 3483; x_wconf 85' lang='lat' dir='ltr'>luerint</span> <span class='ocrx_word' id='word_1_210' title='bbox 848 3420 980 3485; x_wconf 87' lang='lat' dir='ltr'>numeri</span> <span class='ocrx_word' id='word_1_211' title='bbox 1002 3420 1125 3487; x_wconf 89' lang='lat' dir='ltr'>ideeles</span> <span class='ocrx_word' id='word_1_212' title='bbox 1149 3436 1182 3489; x_wconf 88' lang='lat' dir='ltr'>et</span> <span class='ocrx_word' id='word_1_213' title='bbox 1199 3447 1262 3511; x_wconf 80' lang='lat' dir='ltr'>qua</span> 
     </span>
     <span class='ocr_line' id='line_1_29' title="bbox 257 3526 1263 3619; baseline 0.01 -28"><span class='ocrx_word' id='word_1_214' title='bbox 257 3526 329 3613; x_wconf 82' lang='lat' dir='ltr'>lege</span> <span class='ocrx_word' id='word_1_215' title='bbox 356 3548 459 3613; x_wconf 83' lang='lat' dir='ltr'>genus</span> <span class='ocrx_word' id='word_1_216' title='bbox 487 3551 606 3593; x_wconf 88' lang='lat' dir='ltr'>eorum</span> <span class='ocrx_word' id='word_1_217' title='bbox 633 3528 674 3592; x_wconf 87' lang='lat' dir='ltr'>sit</span> <span class='ocrx_word' id='word_1_218' title='bbox 703 3530 989 3619; x_wconf 84' lang='lat' dir='ltr'>circumscriptum</span> <span class='ocrx_word' id='word_1_219' title='bbox 1015 3545 1048 3597; x_wconf 87' lang='lat' dir='ltr'>et</span> <span class='ocrx_word' id='word_1_220' title='bbox 1077 3533 1263 3615; x_wconf 86' lang='lat' dir='ltr'>delinitum,</span> 
     </span>
     <span class='ocr_line' id='line_1_30' title="bbox 257 3641 1263 3731; baseline 0.015 -30"><span class='ocrx_word' id='word_1_221' title='bbox 257 3649 295 3702; x_wconf 88' lang='lat' dir='ltr'>ut</span> <span class='ocrx_word' id='word_1_222' title='bbox 317 3661 376 3702; x_wconf 88' lang='lat' dir='ltr'>nec</span> <span class='ocrx_word' id='word_1_223' title='bbox 396 3642 481 3719; x_wconf 86' lang='lat' dir='ltr'>justo</span> <span class='ocrx_word' id='word_1_224' title='bbox 499 3642 612 3728; x_wconf 88' lang='lat' dir='ltr'>plures</span> <span class='ocrx_word' id='word_1_225' title='bbox 631 3641 818 3730; x_wconf 86' lang='lat' dir='ltr'>irreperent</span> <span class='ocrx_word' id='word_1_226' title='bbox 838 3667 945 3731; x_wconf 90' lang='lat' dir='ltr'>neque</span> <span class='ocrx_word' id='word_1_227' title='bbox 966 3645 1022 3711; x_wconf 87' lang='lat' dir='ltr'>alii</span> <span class='ocrx_word' id='word_1_228' title='bbox 1044 3648 1263 3716; x_wconf 88' lang='lat' dir='ltr'>excluderen-</span> 
     </span>
     <span class='ocr_line' id='line_1_31' title="bbox 255 3751 1262 3841; baseline 0.01 -26"><span class='ocrx_word' id='word_1_229' title='bbox 255 3761 327 3815; x_wconf 85' lang='lat' dir='ltr'>tur:</span> <span class='ocrx_word' id='word_1_230' title='bbox 356 3751 390 3815; x_wconf 90' lang='lat' dir='ltr'>in</span> <span class='ocrx_word' id='word_1_231' title='bbox 414 3751 474 3816; x_wconf 90' lang='lat' dir='ltr'>hac</span> <span class='ocrx_word' id='word_1_232' title='bbox 496 3775 552 3829; x_wconf 81' lang='lat' dir='ltr'>re,</span> <span class='ocrx_word' id='word_1_233' title='bbox 575 3775 673 3839; x_wconf 89' lang='lat' dir='ltr'>quam</span> <span class='ocrx_word' id='word_1_234' title='bbox 698 3760 862 3823; x_wconf 83' lang='lat' dir='ltr'>rationem</span> <span class='ocrx_word' id='word_1_235' title='bbox 885 3758 980 3823; x_wconf 86' lang='lat' dir='ltr'>Plato</span> <span class='ocrx_word' id='word_1_236' title='bbox 1009 3770 1141 3825; x_wconf 85' lang='lat' dir='ltr'>secutus</span> <span class='ocrx_word' id='word_1_237' title='bbox 1164 3761 1262 3841; x_wconf 82' lang='lat' dir='ltr'>sit,e</span> 
     </span>
     <span class='ocr_line' id='line_1_32' title="bbox 249 3858 1306 3958; baseline 0.011 -30"><span class='ocrx_word' id='word_1_238' title='bbox 249 3862 360 3951; x_wconf 85' lang='lat' dir='ltr'>parcis</span> <span class='ocrx_word' id='word_1_239' title='bbox 380 3863 461 3942; x_wconf 85' lang='lat' dir='ltr'>illis,</span> <span class='ocrx_word' id='word_1_240' title='bbox 483 3886 566 3951; x_wconf 90' lang='lat' dir='ltr'>quae</span> <span class='ocrx_word' id='word_1_241' title='bbox 582 3867 680 3934; x_wconf 90' lang='lat' dir='ltr'>nobis</span> <span class='ocrx_word' id='word_1_242' title='bbox 695 3870 807 3936; x_wconf 90' lang='lat' dir='ltr'>relicta</span> <span class='ocrx_word' id='word_1_243' title='bbox 822 3882 914 3950; x_wconf 86' lang='lat' dir='ltr'>sunt,</span> <span class='ocrx_word' id='word_1_244' title='bbox 935 3871 1080 3958; x_wconf 84' lang='lat' dir='ltr'>vestigiis</span> <span class='ocrx_word' id='word_1_245' title='bbox 1100 3896 1169 3938; x_wconf 88' lang='lat' dir='ltr'>non</span> <span class='ocrx_word' id='word_1_246' title='bbox 1186 3873 1261 3939; x_wconf 81' lang='lat' dir='ltr'>satis</span> <span class='ocrx_word' id='word_1_247' title='bbox 1303 3858 1306 3863; x_wconf 37' lang='lat'>¹</span> 
     </span>
     <span class='ocr_line' id='line_1_33' title="bbox 246 3976 1258 4085; baseline 0.011 -40"><span class='ocrx_word' id='word_1_248' title='bbox 246 3989 459 4065; x_wconf 79' lang='lat' dir='ltr'>perspectum</span> <span class='ocrx_word' id='word_1_249' title='bbox 480 3976 650 4048; x_wconf 80' lang='lat' dir='ltr'>habemus.</span> <span class='ocrx_word' id='word_1_250' title='bbox 714 3981 773 4048; x_wconf 86' lang='lat' dir='ltr'>Est</span> <span class='ocrx_word' id='word_1_251' title='bbox 794 3993 903 4049; x_wconf 82' lang='lat' dir='ltr'>tamen</span> <span class='ocrx_word' id='word_1_252' title='bbox 925 3982 1016 4048; x_wconf 85' lang='lat' dir='ltr'>locus</span> <span class='ocrx_word' id='word_1_253' title='bbox 1036 3983 1258 4085; x_wconf 81' lang='lat' dir='ltr'>physicorum</span> 
     </span>
    </p>
   </div>
   <div class='ocr_carea' id='block_1_5' title="bbox 0 0 1328 4680">
    <p class='ocr_par' dir='ltr' id='par_1_6' title="bbox 0 0 1328 4680">
     <span class='ocr_line' id='line_1_34' title="bbox 0 0 1328 4680; baseline 0 0"><span class='ocrx_word' id='word_1_254' title='bbox 0 0 1328 4680; x_wconf 95' lang='lat' dir='ltr'> </span> 
     </span>
    </p>
   </div>
  </div>
 </body>
</html>
