2624 4680
248 490 309 558 sihi
323 478 499 564 constaret,
515 487 646 553 numeri
662 489 829 578 principes
840 499 953 554 *essent
966 489 1162 578 excipiendi.
1187 481 1254 554 Sed

165 630 172 645 ⁸
247 602 342 692 prior
369 598 472 680 ratio,
511 620 574 684 qua
604 601 637 664 ἴα
660 625 740 676 τινος
759 602 917 686 ἐκμαγείου
944 602 1083 677 materia
1113 601 1254 690 capitur,
1296 632 1299 659 =

161 763 169 775 ,
249 711 463 801 sicut'prima
482 734 552 776 sese
573 712 670 777 offert
688 722 722 776 et
734 712 949 798 grammatica
963 711 1155 801 apponendi
1172 735 1256 778 rou·

174 824 182 829 ’
248 824 416 910 junctione
437 826 705 905 commendatur,
734 826 781 890 ita
811 841 948 916 propter
972 824 1256 917 praepositionem

249 939 284 1004 tu
305 937 444 1003 omuino
468 947 518 1002 est
537 937 727 1002 necessaria.

332 1158 408 1229 Hac
428 1156 484 1228 via
500 1184 603 1249 quum
624 1173 711 1229 certa
729 1162 888 1259 quaedam
910 1160 1148 1242 invenerimus,
1170 1140 1257 1249 qdae

142 1355 145 1360 ,
249 1274 286 1345 iu
306 1277 441 1342 numeri
471 1275 586 1341 idealis
616 1287 649 1340 et
675 1274 909 1341 mathematici·
924 1273 1111 1363 differentia
1137 1297 1259 1361 sequa-

89 1384 92 1391 ’
194 1474 198 1478 .
249 1411 345 1469 mur,
364 1388 431 1470 jam
452 1388 493 1453 ad
516 1389 605 1452 locos
630 1388 711 1452 duos
732 1388 820 1454 inter
841 1410 891 1465 se,
920 1398 956 1451 ut
977 1387 1125 1463 videtur,
1153 1411 1259 1477 repu-

249 1512 386 1586 gnantes
402 1499 624 1565 accedendum
639 1511 701 1570 ests
725 1521 807 1586 quos
827 1499 856 1564 si
875 1498 912 1563 in
933 1498 1043 1586 prima
1059 1498 1129 1563 scie
1150 1501 1259 1569 collo-

250 1635 432 1691 cassemus,
459 1634 574 1677 omnes
593 1608 690 1676 facite
713 1612 847 1677 ordines
868 1611 1068 1690 turbassent,
1091 1611 1168 1698 plus
1190 1611 1258 1677 dis-

250 1725 414 1806 criminis,
434 1746 533 1811 quam
552 1722 623 1811 opis
645 1723 828 1789 afferentes.
871 1723 1047 1808 Leguntur
1071 1724 1257 1812 metaphys.

248 1837 399 1907 X111.,6.
417 1843 466 1919 M.
488 1859 517 1923 p.
534 1835 608 1898 271.
628 1835 753 1902 Brand.
775 1848 872 1923 atque
887 1835 984 1905 ethic.
999 1835 1041 1899 ad
1056 1835 1256 1904 Nicomach.

248 1947 323 2017 L4.
346 1984 386 1997 -
407 1949 468 2014 Ille
490 1946 571 2012 haec
592 1930 707 2011 habeta
739 1952 769 2014 σί
798 1947 853 2031 μὲν
872 1942 926 2013 οὖν
954 1948 1143 2032 ἀμφοτέρους
1163 1951 1255 2032 φασὶν

189 2120 194 2131 ,
248 2057 426 2138 εἶναιτοὺς
459 2055 628 2146 ἀριθμούς,
656 2056 710 2126 τὸν
736 2059 791 2143 μὲν
826 2063 932 2148 ἔχοντα
961 2057 996 2125 td
1026 2058 1177 2147 πρότερον
1203 2062 1255 2128 ναί

247 2172 375 2260 ὕστερον
395 2170 449 2250 τοίς
471 2171 571 2248 ἰδέας,
598 2168 651 2237 τᾶν
679 2171 713 2239 δὲ
740 2173 958 2258 μαθηματικὸν
990 2170 1071 2257 παρὰ
1100 2173 1153 2251 uit,-
1174 2174 1255 2251 ἰδέας

248 2291 300 2356 καί
318 2287 355 2354 τὰ
375 2283 531 2371 αἰσθητά,
552 2284 601 2349 καί
615 2283 777 2370 χωριστοὺς
793 2286 980 2373 ἀμφοτέρους
1000 2291 1061 2352 τῶν
1076 2290 1252 2377 αἰσθητῶν·

248 2405 279 2467 αἰ
303 2399 337 2466 dd
357 2395 412 2464 τὸν
431 2383 647 2481 ‘insinuatricis
673 2392 766 2482 μόνον
792 2396 930 2485 ἰσθμὸν
957 2399 1034 2467 εἶναι
1060 2398 1114 2465 τόν
1132 2405 1253 2486 πρῶτον

173 2522 196 2549 ’“
248 2516 310 2578 τῶν
331 2508 428 2577 ὄντων
448 2512 657 2596 κεχωριςμένον
677 2514 737 2575 τῶν
765 2515 935 2597 αἰσθητῶν.
1000 2511 1116 2577 Ethicu
1137 2523 1251 2577 contra

247 2626 289 2692 ad
312 2622 559 2691 Nicomachum
579 2622 606 2686 I.
624 2621 655 2684 4.
688 2621 769 2688 αἰδὲ
791 2623 965 2705 κομίσαντες
985 2621 1043 2706 τὴν
1062 2624 1157 2700 δόξαν
1176 2622 1251 2689 ταὺ-

225 2724 310 2822 ’τηνι
328 2735 385 2802 eds
406 2737 531 2801 ἐποίουν
552 2735 634 2810 ἰδέας
654 2737 689 2801 ἰν
710 2735 756 2812 οἷς
778 2732 812 2800 τὸ
833 2731 980 2823 πρότερον
999 2730 1050 2802 καί
1070 2733 1106 2801 τὸ
1128 2732 1251 2821 dorsone

228 2848 367 2934 ,ἔλεγον
390 2836 505 2932 Ιἰιίααρ
535 2846 607 2912 αἰδὲ
636 2852 696 2913 τῶν
721 2847 865 2933 ἀριθμῶν
897 2848 982 2915 ἰδέαν
1015 2844 1248 2917 κατεσκεύασαν.

207 2974 210 2979 ’
246 2959 311 3028 His
342 2960 431 3025 inter
458 2981 494 3023 se
519 2959 661 3040 collatis,
689 2958 849 3036 alterum,
885 2960 976 3028 ideas
1010 2984 1088 3027 eum
1117 2961 1250 3031 definiri

247 3094 447 3150 numerum,
470 3069 528 3157 qui
547 3069 664 3136 habeat
681 3071 773 3158 prius
793 3084 825 3138 ot
845 3075 1026 3161 posterius,
1047 3075 1161 3152 alteri,
1183 3099 1249 3142 non

246 3184 338 3252 ideas
360 3182 461 3250 factas
485 3206 620 3260 eorum,
647 3183 821 3270 inquibus
844 3185 887 3250 sit
907 3187 998 3274 prius
1021 3197 1054 3251 et
1074 3186 1250 3274 posterius,

246 3320 384 3388 prorsus
403 3306 575 3385 repugnat.
627 3295 664 3360 Si
690 3297 781 3362 litem
810 3299 855 3364 ita
879 3299 979 3365 velles
1008 3297 1184 3379 dirimere,
1213 3311 1251 3367 ut

246 3412 320 3478 loca
341 3408 383 3475 ad
404 3396 575 3475 diversum
599 3421 770 3474 auctorem
789 3410 956 3476 traheres:
977 3421 1118 3497 uterque
1138 3424 1250 3478 tamen

247 3523 289 3589 ad
312 3544 416 3587 unam
435 3522 528 3587 illam
552 3521 800 3587 Platonicorum
826 3521 973 3588 scholam
993 3523 1195 3610 pertineret,
1214 3523 1250 3589 iu

248 3658 313 3723 qua
332 3634 413 3702 haec
433 3634 607 3700 notionum
634 3635 734 3722 plane
761 3634 907 3701 inversio
928 3635 1118 3721 neutiquam
1140 3635 1250 3702 oredi-

81 3786 83 3793 ·
143 3813 151 3825 ,
248 3746 334 3814 bilis.
364 3800 367 3805 .
396 3743 515 3826 Adde,
542 3748 629 3835 quod
652 3747 815 3835 posterior
833 3748 925 3814 locus
946 3747 1074 3814 Platoni
1096 3747 1250 3815 idearum

235 3859 375 3925 auctori
401 3881 469 3926 non
498 3870 605 3948 potest
626 3861 730 3950 eripi,
757 3883 818 3926 nec
840 3860 955 3950 prior,
984 3860 1278 3950 qnandoquidem¹

246 3968 394 4038 Platonis
436 3971 614 4062 discipulos
648 3971 763 4040 idealis
797 3985 829 4040 et
861 3972 1084 4042 mathematici
1117 3972 1253 4042 numeri
