<?xml version="1.0" encoding="UTF-8"?>
<!DOCTYPE html PUBLIC "-//W3C//DTD XHTML 1.0 Transitional//EN"
    "http://www.w3.org/TR/xhtml1/DTD/xhtml1-transitional.dtd">
<html xmlns="http://www.w3.org/1999/xhtml" xml:lang="en" lang="en">
 <head>
  <title>
</title>
<meta http-equiv="Content-Type" content="text/html;charset=utf-8" />
  <meta name='ocr-system' content='tesseract 3.04.00' />
  <meta name='ocr-capabilities' content='ocr_page ocr_carea ocr_par ocr_line ocrx_word'/>
</head>
<body>
  <div class='ocr_page' id='page_1' title='image "./platonisdeideis00trengoog_0115.png"; bbox 0 0 2624 4680; ppageno 0'>
   <div class='ocr_carea' id='block_1_1' title="bbox 552 344 629 435">
    <p class='ocr_par' dir='ltr' id='par_1_1' title="bbox 552 344 629 435">
     <span class='ocr_line' id='line_1_1' title="bbox 552 344 629 435; baseline -0.013 0"><span class='ocrx_word' id='word_1_1' title='bbox 552 344 629 435; x_wconf 66' lang='grc' dir='ltr'>ΒΓ</span> 
     </span>
    </p>
   </div>
   <div class='ocr_carea' id='block_1_2' title="bbox 72 502 1230 608">
    <p class='ocr_par' dir='ltr' id='par_1_2' title="bbox 72 502 1230 608">
     <span class='ocr_line' id='line_1_2' title="bbox 72 502 1230 608; baseline -0.009 -19"><span class='ocrx_word' id='word_1_2' title='bbox 72 524 294 590; x_wconf 83' lang='lat' dir='ltr'>differentiam</span> <span class='ocrx_word' id='word_1_3' title='bbox 320 523 501 588; x_wconf 85' lang='lat' dir='ltr'>deseruisse</span> <span class='ocrx_word' id='word_1_4' title='bbox 522 521 599 586; x_wconf 88' lang='lat' dir='ltr'>satis</span> <span class='ocrx_word' id='word_1_5' title='bbox 619 534 746 586; x_wconf 82' lang='lat' dir='ltr'>constat</span> <span class='ocrx_word' id='word_1_6' title='bbox 763 522 802 606; x_wconf 80' lang='lat'>¹).</span> <span class='ocrx_word' id='word_1_7' title='bbox 854 509 1076 608; x_wconf 70' lang='lat' dir='ltr'>Quisquam</span> <span class='ocrx_word' id='word_1_8' title='bbox 1132 502 1134 506; x_wconf 10' lang='grc' dir='ltr'><em>Α</em></span> <span class='ocrx_word' id='word_1_9' title='bbox 1227 571 1230 578; x_wconf 88' lang='grc'>,</span> 
     </span>
    </p>
   </div>
   <div class='ocr_carea' id='block_1_3' title="bbox 23 635 1167 2750">
    <p class='ocr_par' dir='ltr' id='par_1_3' title="bbox 23 635 1116 1061">
     <span class='ocr_line' id='line_1_3' title="bbox 69 635 1077 723; baseline -0.001 -20"><span class='ocrx_word' id='word_1_10' title='bbox 69 641 115 704; x_wconf 88' lang='lat' dir='ltr'>ita</span> <span class='ocrx_word' id='word_1_11' title='bbox 135 638 221 717; x_wconf 84' lang='lat' dir='ltr'>sint,</span> <span class='ocrx_word' id='word_1_12' title='bbox 251 637 289 703; x_wconf 77' lang='lat' dir='ltr'>ut</span> <span class='ocrx_word' id='word_1_13' title='bbox 313 660 434 712; x_wconf 80' lang='lat' dir='ltr'>verum</span> <span class='ocrx_word' id='word_1_14' title='bbox 456 647 654 714; x_wconf 84' lang='lat' dir='ltr'>etcertum,</span> <span class='ocrx_word' id='word_1_15' title='bbox 682 635 900 700; x_wconf 88' lang='lat' dir='ltr'>etiamsinon</span> <span class='ocrx_word' id='word_1_16' title='bbox 922 657 1077 723; x_wconf 65' lang='lat' dir='ltr'>essequad</span> 
     </span>
     <span class='ocr_line' id='line_1_4' title="bbox 23 748 1116 835; baseline 0.002 -19"><span class='ocrx_word' id='word_1_17' title='bbox 23 800 26 809; x_wconf 82' lang='lat'><em>.</em></span> <span class='ocrx_word' id='word_1_18' title='bbox 68 774 166 832; x_wconf 83' lang='lat' dir='ltr'>mur,</span> <span class='ocrx_word' id='word_1_19' title='bbox 195 751 314 815; x_wconf 85' lang='lat' dir='ltr'>saltem</span> <span class='ocrx_word' id='word_1_20' title='bbox 339 761 521 827; x_wconf 84' lang='lat' dir='ltr'><strong>sectemur,</strong></span> <span class='ocrx_word' id='word_1_21' title='bbox 549 748 698 835; x_wconf 81' lang='lat' dir='ltr'><strong>singulae</strong></span> <span class='ocrx_word' id='word_1_22' title='bbox 720 761 753 814; x_wconf 88' lang='lat' dir='ltr'>et</span> <span class='ocrx_word' id='word_1_23' title='bbox 781 748 1024 835; x_wconf 84' lang='lat' dir='ltr'>interpretandi</span> <span class='ocrx_word' id='word_1_24' title='bbox 1045 758 1077 818; x_wconf 84' lang='lat' dir='ltr'>et</span> <span class='ocrx_word' id='word_1_25' title='bbox 1114 753 1116 757; x_wconf 73' lang='grc'><strong>’</strong></span> 
     </span>
     <span class='ocr_line' id='line_1_5' title="bbox 68 861 1075 955; baseline 0.003 -27"><span class='ocrx_word' id='word_1_26' title='bbox 68 863 290 955; x_wconf 88' lang='lat' dir='ltr'>componendi</span> <span class='ocrx_word' id='word_1_27' title='bbox 308 864 382 928; x_wconf 89' lang='lat' dir='ltr'>viae</span> <span class='ocrx_word' id='word_1_28' title='bbox 402 861 589 928; x_wconf 75' lang='lat' dir='ltr'><strong>tentandae.</strong></span> <span class='ocrx_word' id='word_1_29' title='bbox 631 862 783 926; x_wconf 87' lang='lat' dir='ltr'>Primum</span> <span class='ocrx_word' id='word_1_30' title='bbox 801 863 979 948; x_wconf 89' lang='lat' dir='ltr'>quaeritur,</span> <span class='ocrx_word' id='word_1_31' title='bbox 995 865 1075 949; x_wconf 88' lang='lat' dir='ltr'>quid</span> 
     </span>
     <span class='ocr_line' id='line_1_6' title="bbox 56 958 1075 1061; baseline -0.002 -19"><span class='ocrx_word' id='word_1_32' title='bbox 56 958 111 1042; x_wconf 23' lang='lat' dir='ltr'>&#39;sit</span> <span class='ocrx_word' id='word_1_33' title='bbox 131 973 166 1042; x_wconf 82' lang='grc' dir='ltr'>τὸ</span> <span class='ocrx_word' id='word_1_34' title='bbox 188 974 335 1061; x_wconf 79' lang='grc' dir='ltr'><strong><em>πρότερον</em></strong></span> <span class='ocrx_word' id='word_1_35' title='bbox 350 977 400 1040; x_wconf 77' lang='grc' dir='ltr'>ναὶ</span> <span class='ocrx_word' id='word_1_36' title='bbox 416 973 450 1039; x_wconf 81' lang='grc' dir='ltr'>τὸ</span> <span class='ocrx_word' id='word_1_37' title='bbox 467 969 602 1058; x_wconf 71' lang='grc' dir='ltr'><strong><em>ὕστερον.</em></strong></span> <span class='ocrx_word' id='word_1_38' title='bbox 645 975 709 1040; x_wconf 86' lang='lat' dir='ltr'>Cui</span> <span class='ocrx_word' id='word_1_39' title='bbox 729 976 824 1039; x_wconf 84' lang='lat' dir='ltr'>ideae</span> <span class='ocrx_word' id='word_1_40' title='bbox 845 975 1075 1057; x_wconf 76' lang='lat' dir='ltr'>obversantur,</span> 
     </span>
    </p>

    <p class='ocr_par' dir='ltr' id='par_1_4' title="bbox 58 1064 1167 2750">
     <span class='ocr_line' id='line_1_7' title="bbox 66 1064 1167 1174; baseline 0.003 -22"><span class='ocrx_word' id='word_1_41' title='bbox 66 1088 96 1154; x_wconf 90' lang='lat' dir='ltr'>is</span> <span class='ocrx_word' id='word_1_42' title='bbox 117 1088 216 1154; x_wconf 88' lang='lat' dir='ltr'>facile</span> <span class='ocrx_word' id='word_1_43' title='bbox 237 1089 288 1153; x_wconf 90' lang='lat' dir='ltr'>his</span> <span class='ocrx_word' id='word_1_44' title='bbox 311 1088 420 1152; x_wconf 88' lang='lat' dir='ltr'>verbis</span> <span class='ocrx_word' id='word_1_45' title='bbox 443 1084 477 1151; x_wconf 77' lang='grc' dir='ltr'>τὸ</span> <span class='ocrx_word' id='word_1_46' title='bbox 497 1087 673 1171; x_wconf 70' lang='grc' dir='ltr'><strong><em>γίγνεσθαι,</em></strong></span> <span class='ocrx_word' id='word_1_47' title='bbox 698 1089 785 1172; x_wconf 91' lang='lat' dir='ltr'>quod</span> <span class='ocrx_word' id='word_1_48' title='bbox 808 1088 843 1151; x_wconf 90' lang='lat' dir='ltr'>in</span> <span class='ocrx_word' id='word_1_49' title='bbox 865 1112 905 1152; x_wconf 88' lang='lat' dir='ltr'>eo</span> <span class='ocrx_word' id='word_1_50' title='bbox 927 1089 1074 1174; x_wconf 88' lang='lat' dir='ltr'>positum</span> <span class='ocrx_word' id='word_1_51' title='bbox 1165 1064 1167 1073; x_wconf 33' lang='grc' dir='ltr'>Ι</span> 
     </span>
     <span class='ocr_line' id='line_1_8' title="bbox 66 1199 1074 1289; baseline 0.002 -25"><span class='ocrx_word' id='word_1_52' title='bbox 66 1212 117 1265; x_wconf 89' lang='lat' dir='ltr'>est</span> <span class='ocrx_word' id='word_1_53' title='bbox 123 1250 138 1279; x_wconf 85' lang='lat'>,-</span> <span class='ocrx_word' id='word_1_54' title='bbox 157 1212 194 1265; x_wconf 90' lang='lat' dir='ltr'>ut</span> <span class='ocrx_word' id='word_1_55' title='bbox 215 1201 311 1289; x_wconf 87' lang='lat' dir='ltr'>prius</span> <span class='ocrx_word' id='word_1_56' title='bbox 330 1201 508 1288; x_wconf 76' lang='lat' dir='ltr'>posteriori</span> <span class='ocrx_word' id='word_1_57' title='bbox 528 1199 650 1264; x_wconf 89' lang='lat' dir='ltr'>sensim</span> <span class='ocrx_word' id='word_1_58' title='bbox 673 1199 859 1286; x_wconf 81' lang='lat' dir='ltr'>sensimque</span> <span class='ocrx_word' id='word_1_59' title='bbox 882 1199 1074 1287; x_wconf 86' lang='lat' dir='ltr'>excipiatur,</span> 
     </span>
     <span class='ocr_line' id='line_1_9' title="bbox 65 1310 1075 1401; baseline 0.004 -24"><span class='ocrx_word' id='word_1_60' title='bbox 65 1313 246 1400; x_wconf 84' lang='lat' dir='ltr'>significari</span> <span class='ocrx_word' id='word_1_61' title='bbox 261 1312 421 1393; x_wconf 79' lang='lat' dir='ltr'>conjiciat.</span> <span class='ocrx_word' id='word_1_62' title='bbox 450 1310 549 1395; x_wconf 87' lang='lat' dir='ltr'>Quod</span> <span class='ocrx_word' id='word_1_63' title='bbox 566 1312 592 1375; x_wconf 88' lang='lat' dir='ltr'>si</span> <span class='ocrx_word' id='word_1_64' title='bbox 610 1311 651 1376; x_wconf 87' lang='lat' dir='ltr'>ad</span> <span class='ocrx_word' id='word_1_65' title='bbox 669 1313 818 1401; x_wconf 81' lang='lat' dir='ltr'>priorem</span> <span class='ocrx_word' id='word_1_66' title='bbox 832 1312 944 1379; x_wconf 86' lang='lat' dir='ltr'>locum</span> <span class='ocrx_word' id='word_1_67' title='bbox 964 1327 1075 1381; x_wconf 77' lang='lat' dir='ltr'>trans·</span> 
     </span>
     <span class='ocr_line' id='line_1_10' title="bbox 63 1425 1074 1510; baseline 0.004 -20"><span class='ocrx_word' id='word_1_68' title='bbox 63 1425 188 1500; x_wconf 84' lang='lat' dir='ltr'>ferres,</span> <span class='ocrx_word' id='word_1_69' title='bbox 209 1425 304 1489; x_wconf 84' lang='lat' dir='ltr'>ideae</span> <span class='ocrx_word' id='word_1_70' title='bbox 326 1425 354 1488; x_wconf 92' lang='lat' dir='ltr'>is</span> <span class='ocrx_word' id='word_1_71' title='bbox 376 1447 451 1488; x_wconf 83' lang='lat' dir='ltr'>esso</span> <span class='ocrx_word' id='word_1_72' title='bbox 464 1436 597 1510; x_wconf 81' lang='lat' dir='ltr'>possent</span> <span class='ocrx_word' id='word_1_73' title='bbox 619 1439 797 1504; x_wconf 82' lang='lat' dir='ltr'>numerus,</span> <span class='ocrx_word' id='word_1_74' title='bbox 818 1425 874 1510; x_wconf 91' lang='lat' dir='ltr'>qui</span> <span class='ocrx_word' id='word_1_75' title='bbox 890 1437 1019 1492; x_wconf 86' lang='lat' dir='ltr'>teneret</span> <span class='ocrx_word' id='word_1_76' title='bbox 1039 1427 1074 1494; x_wconf 79' lang='lat' dir='ltr'>ri</span> 
     </span>
     <span class='ocr_line' id='line_1_11' title="bbox 63 1532 1073 1625; baseline 0.004 -23"><span class='ocrx_word' id='word_1_77' title='bbox 63 1541 240 1625; x_wconf 72' lang='grc' dir='ltr'><strong><em>γίγνεσθαι,</em></strong></span> <span class='ocrx_word' id='word_1_78' title='bbox 263 1538 319 1624; x_wconf 91' lang='lat' dir='ltr'>qui</span> <span class='ocrx_word' id='word_1_79' title='bbox 337 1536 372 1601; x_wconf 88' lang='lat' dir='ltr'>in</span> <span class='ocrx_word' id='word_1_80' title='bbox 388 1532 594 1602; x_wconf 90' lang='lat' dir='ltr'>nascentibus</span> <span class='ocrx_word' id='word_1_81' title='bbox 609 1537 708 1602; x_wconf 90' lang='lat' dir='ltr'>rebus</span> <span class='ocrx_word' id='word_1_82' title='bbox 725 1536 816 1622; x_wconf 83' lang='lat' dir='ltr'>quasi</span> <span class='ocrx_word' id='word_1_83' title='bbox 832 1538 1073 1622; x_wconf 77' lang='lat' dir='ltr'>dominaretur,</span> 
     </span>
     <span class='ocr_line' id='line_1_12' title="bbox 62 1648 1072 1738; baseline 0.003 -21"><span class='ocrx_word' id='word_1_84' title='bbox 62 1652 129 1717; x_wconf 90' lang='lat' dir='ltr'>nisi</span> <span class='ocrx_word' id='word_1_85' title='bbox 143 1651 225 1716; x_wconf 88' lang='lat' dir='ltr'>illud</span> <span class='ocrx_word' id='word_1_86' title='bbox 248 1653 323 1736; x_wconf 73' lang='grc' dir='ltr'><strong><em>ἔχειν</em></strong></span> <span class='ocrx_word' id='word_1_87' title='bbox 346 1650 445 1737; x_wconf 83' lang='lat' dir='ltr'>paulo</span> <span class='ocrx_word' id='word_1_88' title='bbox 461 1648 669 1714; x_wconf 88' lang='lat' dir='ltr'>artificiosius</span> <span class='ocrx_word' id='word_1_89' title='bbox 691 1662 836 1730; x_wconf 85' lang='lat' dir='ltr'>„tenere‚</span> <span class='ocrx_word' id='word_1_90' title='bbox 857 1655 1072 1738; x_wconf 65' lang='lat' dir='ltr'>1·egere“,in⁴</span> 
     </span>
     <span class='ocr_line' id='line_1_13' title="bbox 61 1751 1072 1853; baseline 0.003 -25"><span class='ocrx_word' id='word_1_91' title='bbox 61 1762 242 1853; x_wconf 85' lang='lat' dir='ltr'>terpretari</span> <span class='ocrx_word' id='word_1_92' title='bbox 272 1751 425 1847; x_wconf 76' lang='lat' dir='ltr'>religioni</span> <span class='ocrx_word' id='word_1_93' title='bbox 456 1761 601 1825; x_wconf 86' lang='lat' dir='ltr'>duceres.</span> <span class='ocrx_word' id='word_1_94' title='bbox 661 1761 818 1846; x_wconf 86' lang='lat' dir='ltr'>Quocum</span> <span class='ocrx_word' id='word_1_95' title='bbox 848 1758 1072 1848; x_wconf 82' lang='lat' dir='ltr'>consentirent</span> 
     </span>
     <span class='ocr_line' id='line_1_14' title="bbox 63 1874 1072 1966; baseline 0.002 -24"><span class='ocrx_word' id='word_1_96' title='bbox 63 1877 180 1966; x_wconf 87' lang='lat' dir='ltr'>priora</span> <span class='ocrx_word' id='word_1_97' title='bbox 195 1876 328 1940; x_wconf 87' lang='lat' dir='ltr'>alterius</span> <span class='ocrx_word' id='word_1_98' title='bbox 351 1874 434 1938; x_wconf 78' lang='lat' dir='ltr'>loeis</span> <span class='ocrx_word' id='word_1_99' title='bbox 457 1898 551 1954; x_wconf 85' lang='lat' dir='ltr'>„uon</span> <span class='ocrx_word' id='word_1_100' title='bbox 564 1874 654 1940; x_wconf 90' lang='lat' dir='ltr'>ideas</span> <span class='ocrx_word' id='word_1_101' title='bbox 675 1874 776 1941; x_wconf 86' lang='lat' dir='ltr'>factas</span> <span class='ocrx_word' id='word_1_102' title='bbox 794 1899 864 1941; x_wconf 90' lang='lat' dir='ltr'>esse</span> <span class='ocrx_word' id='word_1_103' title='bbox 881 1897 930 1953; x_wconf 87' lang='lat' dir='ltr'>ea,</span> <span class='ocrx_word' id='word_1_104' title='bbox 944 1877 979 1942; x_wconf 90' lang='lat' dir='ltr'>in</span> <span class='ocrx_word' id='word_1_105' title='bbox 995 1882 1072 1965; x_wconf 77' lang='lat' dir='ltr'>qui-</span> 
     </span>
     <span class='ocr_line' id='line_1_15' title="bbox 63 1984 1070 2073; baseline 0.001 -18"><span class='ocrx_word' id='word_1_106' title='bbox 63 1989 124 2055; x_wconf 88' lang='lat' dir='ltr'>bus</span> <span class='ocrx_word' id='word_1_107' title='bbox 143 1984 178 2053; x_wconf 81' lang='grc' dir='ltr'>τὸ</span> <span class='ocrx_word' id='word_1_108' title='bbox 193 1989 371 2073; x_wconf 70' lang='grc' dir='ltr'><strong><em>γίγνεσθαι,</em></strong></span> <span class='ocrx_word' id='word_1_109' title='bbox 394 1990 477 2072; x_wconf 87' lang='lat' dir='ltr'>quae</span> <span class='ocrx_word' id='word_1_110' title='bbox 494 2010 564 2051; x_wconf 89' lang='lat' dir='ltr'>non</span> <span class='ocrx_word' id='word_1_111' title='bbox 579 1987 660 2068; x_wconf 87' lang='lat' dir='ltr'>sint,</span> <span class='ocrx_word' id='word_1_112' title='bbox 680 1988 738 2052; x_wconf 88' lang='lat' dir='ltr'>sed</span> <span class='ocrx_word' id='word_1_113' title='bbox 753 1986 870 2052; x_wconf 72' lang='lat' dir='ltr'>fiant-‘⁶</span> <span class='ocrx_word' id='word_1_114' title='bbox 911 1989 963 2054; x_wconf 86' lang='lat' dir='ltr'>Ita</span> <span class='ocrx_word' id='word_1_115' title='bbox 978 2008 1070 2067; x_wconf 81' lang='lat' dir='ltr'>vero,</span> 
     </span>
     <span class='ocr_line' id='line_1_16' title="bbox 60 2111 1072 2189; baseline 0.003 -25"><span class='ocrx_word' id='word_1_116' title='bbox 60 2124 146 2187; x_wconf 91' lang='lat' dir='ltr'>quae</span> <span class='ocrx_word' id='word_1_117' title='bbox 167 2111 366 2186; x_wconf 87' lang='lat' dir='ltr'>sequuntur,</span> <span class='ocrx_word' id='word_1_118' title='bbox 393 2111 593 2188; x_wconf 83' lang='lat' dir='ltr'>„propterea</span> <span class='ocrx_word' id='word_1_119' title='bbox 616 2123 678 2165; x_wconf 87' lang='lat' dir='ltr'>nec</span> <span class='ocrx_word' id='word_1_120' title='bbox 698 2121 918 2165; x_wconf 89' lang='lat' dir='ltr'>numerorum</span> <span class='ocrx_word' id='word_1_121' title='bbox 941 2124 1072 2189; x_wconf 87' lang='lat' dir='ltr'>parasse</span> 
     </span>
     <span class='ocr_line' id='line_1_17' title="bbox 58 2211 1071 2298; baseline -0.002 -19"><span class='ocrx_word' id='word_1_122' title='bbox 58 2215 194 2280; x_wconf 87' lang='lat' dir='ltr'>ideam“</span> <span class='ocrx_word' id='word_1_123' title='bbox 215 2211 586 2296; x_wconf 62' lang='lat' dir='ltr'>justo⁸nexu2destituta</span> <span class='ocrx_word' id='word_1_124' title='bbox 630 2211 727 2296; x_wconf 86' lang='lat' dir='ltr'>Quae</span> <span class='ocrx_word' id='word_1_125' title='bbox 747 2212 880 2298; x_wconf 89' lang='lat' dir='ltr'>quidem</span> <span class='ocrx_word' id='word_1_126' title='bbox 897 2235 937 2275; x_wconf 89' lang='lat' dir='ltr'>eo</span> <span class='ocrx_word' id='word_1_127' title='bbox 953 2212 1071 2277; x_wconf 87' lang='lat' dir='ltr'>diffici-</span> 
     </span>
     <span class='ocr_line' id='line_1_18' title="bbox 59 2314 1070 2425; baseline -0.006 -31"><span class='ocrx_word' id='word_1_128' title='bbox 59 2329 147 2401; x_wconf 84' lang='lat' dir='ltr'>liora</span> <span class='ocrx_word' id='word_1_129' title='bbox 163 2327 372 2403; x_wconf 87' lang='lat' dir='ltr'>videbuntur‚</span> <span class='ocrx_word' id='word_1_130' title='bbox 386 2347 452 2410; x_wconf 92' lang='lat' dir='ltr'>quo</span> <span class='ocrx_word' id='word_1_131' title='bbox 463 2326 593 2425; x_wconf 16' lang='lat' dir='ltr'>leotarius,</span> <span class='ocrx_word' id='word_1_132' title='bbox 603 2347 760 2389; x_wconf 88' lang='lat' dir='ltr'>numeros</span> <span class='ocrx_word' id='word_1_133' title='bbox 775 2348 842 2407; x_wconf 85' lang='lat' dir='ltr'>esse</span> <span class='ocrx_word' id='word_1_134' title='bbox 856 2323 956 2387; x_wconf 82' lang='lat' dir='ltr'>iactos</span> <span class='ocrx_word' id='word_1_135' title='bbox 971 2314 1070 2403; x_wconf 85' lang='lat' dir='ltr'>ideas,</span> 
     </span>
     <span class='ocr_line' id='line_1_19' title="bbox 61 2431 1069 2529; baseline -0.006 -21"><span class='ocrx_word' id='word_1_136' title='bbox 61 2453 133 2508; x_wconf 90' lang='lat' dir='ltr'>tum</span> <span class='ocrx_word' id='word_1_137' title='bbox 147 2465 165 2506; x_wconf 90' lang='lat' dir='ltr'>e</span> <span class='ocrx_word' id='word_1_138' title='bbox 178 2431 325 2529; x_wconf 64' lang='lat' dir='ltr'>Plpt&#39;onis</span> <span class='ocrx_word' id='word_1_139' title='bbox 338 2437 517 2504; x_wconf 83' lang='lat' dir='ltr'>Phaedone</span> <span class='ocrx_word' id='word_1_140' title='bbox 531 2449 604 2503; x_wconf 89' lang='lat' dir='ltr'>tum</span> <span class='ocrx_word' id='word_1_141' title='bbox 619 2460 661 2502; x_wconf 88' lang='lat' dir='ltr'>ex</span> <span class='ocrx_word' id='word_1_142' title='bbox 669 2438 859 2502; x_wconf 84' lang='lat' dir='ltr'>Aristotelis</span> <span class='ocrx_word' id='word_1_143' title='bbox 874 2438 1069 2503; x_wconf 78' lang='lat' dir='ltr'>testimoniis</span> 
     </span>
     <span class='ocr_line' id='line_1_20' title="bbox 64 2535 1067 2646; baseline -0.005 -25"><span class='ocrx_word' id='word_1_144' title='bbox 64 2566 164 2644; x_wconf 83' lang='lat' dir='ltr'>patet.</span> <span class='ocrx_word' id='word_1_145' title='bbox 206 2559 258 2646; x_wconf 85' lang='lat' dir='ltr'>Ex</span> <span class='ocrx_word' id='word_1_146' title='bbox 279 2552 331 2617; x_wconf 92' lang='lat' dir='ltr'>his</span> <span class='ocrx_word' id='word_1_147' title='bbox 352 2558 389 2617; x_wconf 84' lang='lat' dir='ltr'>ut</span> <span class='ocrx_word' id='word_1_148' title='bbox 404 2535 520 2638; x_wconf 83' lang='lat' dir='ltr'>aliquis</span> <span class='ocrx_word' id='word_1_149' title='bbox 542 2562 631 2623; x_wconf 85' lang='lat' dir='ltr'>certe</span> <span class='ocrx_word' id='word_1_150' title='bbox 653 2551 759 2642; x_wconf 81' lang='lat' dir='ltr'>exitus</span> <span class='ocrx_word' id='word_1_151' title='bbox 775 2549 954 2626; x_wconf 88' lang='lat' dir='ltr'>muniatur,</span> <span class='ocrx_word' id='word_1_152' title='bbox 976 2551 1067 2616; x_wconf 87' lang='lat' dir='ltr'>iocus</span> 
     </span>
     <span class='ocr_line' id='line_1_21' title="bbox 61 2660 1160 2750; baseline -0.007 -15"><span class='ocrx_word' id='word_1_153' title='bbox 61 2667 283 2735; x_wconf 77' lang='lat' dir='ltr'>conterendus</span> <span class='ocrx_word' id='word_1_154' title='bbox 305 2677 368 2743; x_wconf 90' lang='lat' dir='ltr'>est,</span> <span class='ocrx_word' id='word_1_155' title='bbox 398 2664 456 2730; x_wconf 93' lang='lat' dir='ltr'>ubi</span> <span class='ocrx_word' id='word_1_156' title='bbox 476 2664 688 2741; x_wconf 89' lang='lat' dir='ltr'>Aristoleles,</span> <span class='ocrx_word' id='word_1_157' title='bbox 721 2660 800 2747; x_wconf 87' lang='lat' dir='ltr'>quid</span> <span class='ocrx_word' id='word_1_158' title='bbox 823 2661 953 2727; x_wconf 81' lang='lat' dir='ltr'>Platoni</span> <span class='ocrx_word' id='word_1_159' title='bbox 976 2663 1069 2750; x_wconf 88' lang='lat' dir='ltr'>prius</span> <span class='ocrx_word' id='word_1_160' title='bbox 1157 2720 1160 2735; x_wconf 91' lang='grc'>,</span> 
     </span>
    </p>
   </div>
   <div class='ocr_carea' id='block_1_4' title="bbox 61 2756 1200 2871">
    <p class='ocr_par' dir='ltr' id='par_1_5' title="bbox 61 2756 1200 2871">
     <span class='ocr_line' id='line_1_22' title="bbox 61 2756 1200 2871; baseline -0.013 -21"><span class='ocrx_word' id='word_1_161' title='bbox 61 2795 94 2850; x_wconf 90' lang='lat' dir='ltr'>et</span> <span class='ocrx_word' id='word_1_162' title='bbox 109 2780 271 2871; x_wconf 83' lang='lat' dir='ltr'>posterius</span> <span class='ocrx_word' id='word_1_163' title='bbox 294 2781 419 2845; x_wconf 89' lang='lat' dir='ltr'>dictum</span> <span class='ocrx_word' id='word_1_164' title='bbox 433 2779 491 2855; x_wconf 91' lang='lat' dir='ltr'>sit,</span> <span class='ocrx_word' id='word_1_165' title='bbox 515 2773 766 2852; x_wconf 82' lang='lat' dir='ltr'>commemorat,</span> <span class='ocrx_word' id='word_1_166' title='bbox 788 2756 934 2861; x_wconf 74' lang='lat' dir='ltr'>metaph.</span> <span class='ocrx_word' id='word_1_167' title='bbox 953 2774 998 2839; x_wconf 89' lang='lat' dir='ltr'>V.</span> <span class='ocrx_word' id='word_1_168' title='bbox 1017 2774 1069 2838; x_wconf 64' lang='lat'>11,</span> <span class='ocrx_word' id='word_1_169' title='bbox 1123 2811 1131 2829; x_wconf 51' lang='lat' dir='ltr'>x</span> <span class='ocrx_word' id='word_1_170' title='bbox 1198 2762 1200 2769; x_wconf 66' lang='grc'><strong>’</strong></span> 
     </span>
    </p>
   </div>
   <div class='ocr_carea' id='block_1_5' title="bbox 52 2870 1166 4197">
    <p class='ocr_par' dir='ltr' id='par_1_6' title="bbox 52 2870 1166 3904">
     <span class='ocr_line' id='line_1_23' title="bbox 60 2870 1070 2985; baseline -0.011 -21"><span class='ocrx_word' id='word_1_171' title='bbox 60 2901 101 2964; x_wconf 90' lang='grc' dir='ltr'>Δ.</span> <span class='ocrx_word' id='word_1_172' title='bbox 124 2888 244 2985; x_wconf 74' lang='lat' dir='ltr'>p·103s</span> <span class='ocrx_word' id='word_1_173' title='bbox 266 2893 390 2961; x_wconf 85' lang='lat' dir='ltr'>Brand.</span> <span class='ocrx_word' id='word_1_174' title='bbox 418 2893 466 2958; x_wconf 79' lang='grc' dir='ltr'>ἔτι</span> <span class='ocrx_word' id='word_1_175' title='bbox 486 2883 619 2974; x_wconf 83' lang='grc' dir='ltr'><strong><em>πρότερα</em></strong></span> <span class='ocrx_word' id='word_1_176' title='bbox 639 2884 758 2973; x_wconf 80' lang='grc' dir='ltr'><strong><em>λέγεται</em></strong></span> <span class='ocrx_word' id='word_1_177' title='bbox 776 2879 814 2953; x_wconf 74' lang='lat' dir='ltr'>ssi</span> <span class='ocrx_word' id='word_1_178' title='bbox 835 2891 896 2951; x_wconf 79' lang='grc' dir='ltr'>τῶν</span> <span class='ocrx_word' id='word_1_179' title='bbox 914 2870 1070 2970; x_wconf 71' lang='grc' dir='ltr'>προτέρων</span> 
     </span>
     <span class='ocr_line' id='line_1_24' title="bbox 60 2994 1064 3093; baseline -0.012 -18"><span class='ocrx_word' id='word_1_180' title='bbox 60 3004 171 3093; x_wconf 79' lang='grc' dir='ltr'><strong><em>πάθη,</em></strong></span> <span class='ocrx_word' id='word_1_181' title='bbox 194 3008 259 3074; x_wconf 82' lang='grc' dir='ltr'><strong><em>οἷον</em></strong></span> <span class='ocrx_word' id='word_1_182' title='bbox 277 3004 417 3092; x_wconf 74' lang='grc' dir='ltr'><em>εὐθύτης</em></span> <span class='ocrx_word' id='word_1_183' title='bbox 437 3000 611 3087; x_wconf 78' lang='grc' dir='ltr'><em>λειότητος·</em></span> <span class='ocrx_word' id='word_1_184' title='bbox 633 2996 668 3065; x_wconf 83' lang='grc' dir='ltr'>τὸ</span> <span class='ocrx_word' id='word_1_185' title='bbox 689 2997 745 3080; x_wconf 80' lang='grc' dir='ltr'>μὲν</span> <span class='ocrx_word' id='word_1_186' title='bbox 761 2994 816 3084; x_wconf 76' lang='grc' dir='ltr'>γὰρ</span> <span class='ocrx_word' id='word_1_187' title='bbox 832 3004 969 3085; x_wconf 71' lang='grc' dir='ltr'><em>γραμμῆς</em></span> <span class='ocrx_word' id='word_1_188' title='bbox 987 2998 1064 3064; x_wconf 69' lang='grc' dir='ltr'>καθ’</span> 
     </span>
     <span class='ocr_line' id='line_1_25' title="bbox 59 3105 1083 3206; baseline -0.014 -17"><span class='ocrx_word' id='word_1_189' title='bbox 59 3120 158 3206; x_wconf 57' lang='lat' dir='ltr'>aisis</span> <span class='ocrx_word' id='word_1_190' title='bbox 177 3119 301 3201; x_wconf 76' lang='grc' dir='ltr'><strong><em>πάθος,</em></strong></span> <span class='ocrx_word' id='word_1_191' title='bbox 324 3114 359 3185; x_wconf 63' lang='grc' dir='ltr'>’τὸ</span> <span class='ocrx_word' id='word_1_192' title='bbox 382 3119 416 3185; x_wconf 77' lang='grc' dir='ltr'>δὲ</span> <span class='ocrx_word' id='word_1_193' title='bbox 437 3114 632 3199; x_wconf 75' lang='grc' dir='ltr'><strong><em>ἐπιφανείας·</em></strong></span> <span class='ocrx_word' id='word_1_194' title='bbox 653 3109 691 3178; x_wconf 81' lang='lat' dir='ltr'>ati</span> <span class='ocrx_word' id='word_1_195' title='bbox 712 3110 767 3197; x_wconf 84' lang='grc' dir='ltr'>μὲν</span> <span class='ocrx_word' id='word_1_196' title='bbox 787 3109 826 3195; x_wconf 74' lang='grc' dir='ltr'>δὴ</span> <span class='ocrx_word' id='word_1_197' title='bbox 851 3105 931 3175; x_wconf 69' lang='grc' dir='ltr'>οὕτω</span> <span class='ocrx_word' id='word_1_198' title='bbox 951 3107 1083 3197; x_wconf 30' lang='grc' dir='ltr'>λέγεται,</span> 
     </span>
     <span class='ocr_line' id='line_1_26' title="bbox 60 3219 1166 3324; baseline -0.016 -21"><span class='ocrx_word' id='word_1_199' title='bbox 60 3234 195 3324; x_wconf 76' lang='grc' dir='ltr'><strong><em>πρότερον</em></strong></span> <span class='ocrx_word' id='word_1_200' title='bbox 222 3234 274 3299; x_wconf 75' lang='grc' dir='ltr'>καὶ</span> <span class='ocrx_word' id='word_1_201' title='bbox 301 3229 429 3315; x_wconf 74' lang='grc' dir='ltr'>ὕστερον·</span> <span class='ocrx_word' id='word_1_202' title='bbox 465 3227 503 3294; x_wconf 82' lang='grc' dir='ltr'>τὰ</span> <span class='ocrx_word' id='word_1_203' title='bbox 524 3222 655 3294; x_wconf 70' lang='lat' dir='ltr'>discerni</span> <span class='ocrx_word' id='word_1_204' title='bbox 676 3222 838 3309; x_wconf 80' lang='grc' dir='ltr'><strong><em>φύσινκαὶ</em></strong></span> <span class='ocrx_word' id='word_1_205' title='bbox 860 3220 982 3300; x_wconf 80' lang='grc' dir='ltr'><strong><em>οὐσίαν,</em></strong></span> <span class='ocrx_word' id='word_1_206' title='bbox 1011 3219 1068 3287; x_wconf 78' lang='grc' dir='ltr'>ὅσα</span> <span class='ocrx_word' id='word_1_207' title='bbox 1163 3235 1166 3240; x_wconf 85' lang='grc'><strong>“</strong></span> 
     </span>
     <span class='ocr_line' id='line_1_27' title="bbox 60 3322 1071 3441; baseline -0.021 -23"><span class='ocrx_word' id='word_1_208' title='bbox 60 3350 211 3438; x_wconf 78' lang='grc' dir='ltr'><strong><em>ἐνδέχεται</em></strong></span> <span class='ocrx_word' id='word_1_209' title='bbox 231 3347 309 3413; x_wconf 80' lang='grc' dir='ltr'><strong><em>εἶναι</em></strong></span> <span class='ocrx_word' id='word_1_210' title='bbox 327 3343 400 3412; x_wconf 72' lang='grc' dir='ltr'><strong><em>ἄνευ</em></strong></span> <span class='ocrx_word' id='word_1_211' title='bbox 419 3341 538 3422; x_wconf 75' lang='grc' dir='ltr'><strong><em>ἄλλων,</em></strong></span> <span class='ocrx_word' id='word_1_212' title='bbox 558 3343 658 3406; x_wconf 79' lang='grc' dir='ltr'><strong><em>ἐκεῖνα</em></strong></span> <span class='ocrx_word' id='word_1_213' title='bbox 680 3337 713 3441; x_wconf 60' lang='lat' dir='ltr'>oi</span> <span class='ocrx_word' id='word_1_214' title='bbox 734 3334 806 3402; x_wconf 71' lang='grc' dir='ltr'><strong><em>ἄνευ</em></strong></span> <span class='ocrx_word' id='word_1_215' title='bbox 827 3336 947 3402; x_wconf 75' lang='grc' dir='ltr'>ἐκείνων</span> <span class='ocrx_word' id='word_1_216' title='bbox 967 3329 1025 3419; x_wconf 74' lang='grc' dir='ltr'>μή·</span> <span class='ocrx_word' id='word_1_217' title='bbox 1048 3322 1071 3420; x_wconf 77' lang='grc' dir='ltr'><em>ᾖ</em></span> 
     </span>
     <span class='ocr_line' id='line_1_28' title="bbox 61 3450 1069 3548; baseline -0.019 -15"><span class='ocrx_word' id='word_1_218' title='bbox 61 3465 205 3548; x_wconf 76' lang='grc' dir='ltr'><strong><em>διαιρέσει</em></strong></span> <span class='ocrx_word' id='word_1_219' title='bbox 226 3453 373 3547; x_wconf 72' lang='grc' dir='ltr'><strong><em>ἐχρήσατο</em></strong></span> <span class='ocrx_word' id='word_1_220' title='bbox 389 3451 531 3522; x_wconf 79' lang='grc' dir='ltr'><strong><em>Πλάτων.</em></strong></span> <span class='ocrx_word' id='word_1_221' title='bbox 576 3453 624 3518; x_wconf 88' lang='lat' dir='ltr'>lta</span> <span class='ocrx_word' id='word_1_222' title='bbox 640 3464 730 3518; x_wconf 83' lang='lat' dir='ltr'>certe</span> <span class='ocrx_word' id='word_1_223' title='bbox 746 3451 839 3539; x_wconf 86' lang='lat' dir='ltr'>prius</span> <span class='ocrx_word' id='word_1_224' title='bbox 859 3462 891 3515; x_wconf 87' lang='lat' dir='ltr'>et</span> <span class='ocrx_word' id='word_1_225' title='bbox 906 3450 1069 3536; x_wconf 87' lang='lat' dir='ltr'>posterius</span> 
     </span>
     <span class='ocr_line' id='line_1_29' title="bbox 63 3550 1071 3658; baseline -0.019 -15"><span class='ocrx_word' id='word_1_226' title='bbox 63 3578 105 3643; x_wconf 84' lang='lat' dir='ltr'>ab</span> <span class='ocrx_word' id='word_1_227' title='bbox 131 3575 214 3642; x_wconf 90' lang='lat' dir='ltr'>ideis</span> <span class='ocrx_word' id='word_1_228' title='bbox 244 3574 352 3647; x_wconf 78' lang='lat' dir='ltr'>abest,</span> <span class='ocrx_word' id='word_1_229' title='bbox 387 3569 510 3658; x_wconf 88' lang='lat' dir='ltr'>quippe</span> <span class='ocrx_word' id='word_1_230' title='bbox 540 3589 624 3653; x_wconf 84' lang='lat' dir='ltr'>quae</span> <span class='ocrx_word' id='word_1_231' title='bbox 652 3589 751 3632; x_wconf 86' lang='lat' dir='ltr'>verae</span> <span class='ocrx_word' id='word_1_232' title='bbox 782 3585 896 3630; x_wconf 90' lang='lat' dir='ltr'>rerum</span> <span class='ocrx_word' id='word_1_233' title='bbox 920 3550 1071 3628; x_wconf 78' lang='lat' dir='ltr'>notiones</span> 
     </span>
     <span class='ocr_line' id='line_1_30' title="bbox 61 3675 1072 3780; baseline -0.019 -23"><span class='ocrx_word' id='word_1_234' title='bbox 61 3691 156 3780; x_wconf 85' lang='lat' dir='ltr'>ipsae</span> <span class='ocrx_word' id='word_1_235' title='bbox 177 3698 255 3753; x_wconf 88' lang='lat' dir='ltr'>sunt</span> <span class='ocrx_word' id='word_1_236' title='bbox 276 3683 440 3763; x_wconf 89' lang='lat' dir='ltr'>conditio,</span> <span class='ocrx_word' id='word_1_237' title='bbox 471 3703 513 3748; x_wconf 82' lang='lat' dir='ltr'>ex</span> <span class='ocrx_word' id='word_1_238' title='bbox 539 3703 575 3748; x_wconf 84' lang='lat' dir='ltr'>se</span> <span class='ocrx_word' id='word_1_239' title='bbox 597 3691 707 3745; x_wconf 85' lang='lat' dir='ltr'>autem</span> <span class='ocrx_word' id='word_1_240' title='bbox 729 3678 934 3744; x_wconf 83' lang='lat' dir='ltr'>conditiones</span> <span class='ocrx_word' id='word_1_241' title='bbox 957 3675 1072 3739; x_wconf 72' lang='lat' dir='ltr'>exclu-</span> 
     </span>
     <span class='ocr_line' id='line_1_31' title="bbox 52 3794 1063 3904; baseline -0.016 16"><span class='ocrx_word' id='word_1_242' title='bbox 52 3836 276 3887; x_wconf 38' lang='grc' dir='ltr'>,μή</span> <span class='ocrx_word' id='word_1_243' title='bbox 978 3881 981 3886; x_wconf 89' lang='grc'><strong>“</strong></span> <span class='ocrx_word' id='word_1_244' title='bbox 1057 3794 1063 3904; x_wconf 45' lang='grc' dir='ltr'>ι.</span> 
     </span>
    </p>

    <p class='ocr_par' dir='ltr' id='par_1_7' title="bbox 91 3920 1076 4031">
     <span class='ocr_line' id='line_1_32' title="bbox 91 3920 1076 4031; baseline -0.02 -13"><span class='ocrx_word' id='word_1_245' title='bbox 91 3962 117 4031; x_wconf 86' lang='lat'>1)</span> <span class='ocrx_word' id='word_1_246' title='bbox 135 3960 189 4017; x_wconf 64' lang='lat' dir='ltr'>CR,</span> <span class='ocrx_word' id='word_1_247' title='bbox 205 3972 290 4027; x_wconf 85' lang='lat' dir='ltr'>supra</span> <span class='ocrx_word' id='word_1_248' title='bbox 323 3967 352 4012; x_wconf 84' lang='lat' dir='ltr'>et</span> <span class='ocrx_word' id='word_1_249' title='bbox 381 3953 496 4013; x_wconf 81' lang='lat' dir='ltr'>Brendis</span> <span class='ocrx_word' id='word_1_250' title='bbox 531 3948 565 4008; x_wconf 79' lang='lat' dir='ltr'>de</span> <span class='ocrx_word' id='word_1_251' title='bbox 600 3947 714 4022; x_wconf 77' lang='lat' dir='ltr'>perditis</span> <span class='ocrx_word' id='word_1_252' title='bbox 738 3920 900 4009; x_wconf 76' lang='lat' dir='ltr'>Aristotelis</span> <span class='ocrx_word' id='word_1_253' title='bbox 929 3944 1008 4015; x_wconf 69' lang='lat' dir='ltr'>libris</span> <span class='ocrx_word' id='word_1_254' title='bbox 1025 3948 1076 3998; x_wconf 69' lang='lat' dir='ltr'>ete.</span> 
     </span>
    </p>

    <p class='ocr_par' dir='ltr' id='par_1_8' title="bbox 136 4044 696 4197">
     <span class='ocr_line' id='line_1_33' title="bbox 136 4044 283 4115; baseline -0.02 -14"><span class='ocrx_word' id='word_1_255' title='bbox 136 4044 218 4115; x_wconf 59' lang='lat' dir='ltr'>pas.</span> <span class='ocrx_word' id='word_1_256' title='bbox 241 4060 283 4113; x_wconf 75' lang='lat' dir='ltr'>sq.</span> 
     </span>
     <span class='ocr_line' id='line_1_34' title="bbox 674 4134 696 4197; baseline 0 0"><span class='ocrx_word' id='word_1_257' title='bbox 674 4134 696 4197; x_wconf 81' lang='lat'>6</span> 
     </span>
    </p>
   </div>
   <div class='ocr_carea' id='block_1_6' title="bbox 614 4296 630 4325">
    <p class='ocr_par' dir='ltr' id='par_1_9' title="bbox 614 4296 630 4325">
     <span class='ocr_line' id='line_1_35' title="bbox 614 4296 630 4325; baseline 0 -8"><span class='ocrx_word' id='word_1_258' title='bbox 614 4296 630 4325; x_wconf 67' lang='lat' dir='ltr'>&gt;a</span> 
     </span>
    </p>
   </div>
   <div class='ocr_carea' id='block_1_7' title="bbox 0 0 1316 4680">
    <p class='ocr_par' dir='ltr' id='par_1_10' title="bbox 0 0 1316 4680">
     <span class='ocr_line' id='line_1_36' title="bbox 0 0 1316 4680; baseline 0 3"><span class='ocrx_word' id='word_1_259' title='bbox 0 0 1316 4680; x_wconf 95' lang='lat' dir='ltr'> </span> 
     </span>
    </p>
   </div>
  </div>
 </body>
</html>
