2624 4680
564 312 607 380 97

83 487 130 566 ita
166 487 329 573 ‘virtutem
369 484 517 552 veritatis
559 484 745 571 quaestioni
784 484 974 551 immixtam
1019 508 1089 552 esse

84 597 199 673 negat,
241 599 294 666 ut,
332 610 416 674 quae
450 587 648 655 Aristoteles
681 586 827 653 Platoni·
855 587 937 653 vitio
977 588 1102 666 vertit*
1152 663 1157 668 Α

85 689 270 755 amoliatur.
311 690 465 756 Fortasse
483 690 548 755 hoc
567 689 694 778 ipsum,
721 689 810 775 quod
832 689 920 754 solos
940 689 1090 771 dialogos
1137 762 1139 778 1

82 802 231 878 spectans
266 791 302 857 in
330 792 505 858 Platonem
536 792 710 882 admittere
738 791 865 869 noluit,
899 791 1090 855 Platonicae
1184 820 1188 828 ·

83 892 310 982 philosophiae
331 895 422 959 laudi
444 894 590 959 dandum
612 906 672 960 est.
716 891 752 957 Si
766 892 860 957 Plato
883 892 996 958 omnia
1016 903 1089 957 tum
1113 972 1116 978 ι

83 994 118 1059 in
140 1008 259 1061 natura
287 1018 403 1060 rerum
430 1007 502 1060 tum
529 997 567 1062 in
596 994 774 1061 hominum
802 996 871 1074 vita
893 1017 935 1058 ex
964 1018 1034 1060 uno
1057 987 1091 1060 ct
1137 1061 1139 1064 Α

84 1082 255 1163 communi
277 1098 369 1162 tonte
390 1081 575 1163 haurienda'
596 1097 738 1164 censuit:
761 1097 799 1162 id·
814 1097 961 1186 strictam
981 1119 1091 1183 quan·
1139 1090 1143 1094 ’

83 1198 161 1263 dam
183 1198 413 1288 philosophiae
433 1199 605 1265 veritatem
633 1212 666 1265 et
682 1200 881 1264 ‘conclusam
902 1199 937 1262 in
959 1221 995 1263 se
1017 1197 1093 1264 for-'

83 1321 158 1365 mae
180 1300 422 1388 perfectionem
436 1311 582 1368 testatur.
602 1324 605 1333 ·
624 1289 773 1367 Revera
791 1313 901 1366 autern
914 1300 1091 1368 Platonem

83 1402 243 1470 virtutem
274 1427 339 1469 una
367 1427 445 1469 cum
471 1426 553 1469 vcro
583 1403 767 1471 sirebono·
794 1401 834 1467 ad
858 1424 959 1466 unam
978 1401 1089 1478 ideam

83 1505 251 1586 retulisse,
273 1507 333 1571 etsi
354 1496 496 1595 seposito
518 1505 623 1570 nostri
646 1505 711 1570 loci
735 1503 942 1582 testimonio,
964 1505 1092 1592 proba·
1116 1535 1119 1550 ·
1145 1584 1154 1606 l

82 1607 149 1672 bile
170 1606 225 1684 fit,
246 1619 318 1673 tum
341 1631 383 1673 ex
404 1607 504 1672 unius
526 1605 717 1673 Aristotelis
738 1606 833 1683 libri,
856 1627 922 1691 quo
943 1607 1091 1675 Platonis

33 1748 34 1753 κ
82 1708 214 1774 scholae
228 1709 332 1775 literis
345 1708 572 1794 consignatae,
597 1708 768 1772 communi
785 1708 1002 1796 inscriptione
1026 1699 1107 1787 „de'

83 1810 171 1876 bono
192 1833 214 1875 s.
231 1810 472 1899 philosophia“‚
494 1822 565 1874 turn
581 1833 600 1875 e
615 1809 745 1876 Philebi
767 1821 799 1882 et
810 1809 942 1896 Timaei
964 1809 1092 1898 princi-

83 1911 164 2000 piis,
190 1933 274 1995 quae
288 1913 412 2000 optime
425 1911 488 1990 sibi
504 1912 707 1999 respondent
725 1911 775 1996 ²),
794 1911 883 1976 inter
898 1934 933 1976 se
954 1912 1092 1991 collatis,

84 2025 155 2078 tum
166 2026 338 2103 exaperta
353 2014 428 2079 libri
444 2015 485 2079 de
496 2012 767 2102 rep.Vll.initi0.
788 2015 963 2098 Nusquam
978 2025 1091 2079 autem

84 2117 293 2201 dialogorum
305 2127 376 2182 tam
397 2115 546 2181 distincte
562 2125 595 2180 et
610 2127 760 2195 accurate
780 2116 938 2180 traditum
960 2127 1019 2181 est.

182 2218 297 2282 Paucis
327 2218 463 2303 quidem
484 2216 681 2283 Aristoteles
712 2216 776 2281 hoc
806 2217 950 2282 declarat
983 2228 1112 2301 metas

82 2320 299 2422 physicorum
321 2309 395 2384 lo'co
417 2319 457 2405 (Ι.
472 2319 503 2383 6.
518 2324 559 2385 A.
576 2343 608 2406 p.
617 2320 668 2382 22.
684 2316 841 2405 Brand.),
861 2318 921 2383 ubi
937 2321 1090 2408 proprias
1140 2322 1143 2329 ’

84 2421 231 2487 Platonis
260 2421 490 2509 philosophiae
527 2422 671 2486 rationes
700 2421 737 2486 in
775 2444 880 2508 pauca
917 2422 1092 2488 conferens
1176 2424 1178 2431 ’

85 2523 176 2588 hunc
201 2516 419 2612 expositionis
446 2523 549 2589 finem
570 2522 665 2588 facit:
704 2517 753 2588 lin
773 2519 852 2606 αὕτη
875 2520 947 2599 δυάς
969 2528 1033 2590 ἐστι
1054 2523 1091 2592 τέ

85 2629 165 2711 μέγα,
177 2624 279 2709 καὶτὸ
295 2621 417 2707 μικρὸν·
439 2627 486 2690 έτι
501 2623 535 2689 δὲ
550 2622 607 2710 τὴν
622 2628 678 2688 τοῦ
693 2616 727 2690 ιδ
740 2627 790 2690 καλ
805 2631 859 2690 τοῦ
874 2632 970 2703 κακῶς
990 2630 1092 2706 αἰτίαν

85 2737 151 2802 τοῖς
170 2731 326 2813 στοιχείοις
345 2725 499 2792 ἀπέδωκεν
520 2728 670 2810 ἑκατέροις
692 2727 834 2812 ἑκατέραν
840 2774 851 2802 ,
872 2724 970 2813 ὥςπερ
992 2733 1092 2812 φαμέν

83 2830 136 2893 καὶ
174 2833 235 2893 τῶν
270 2830 423 2913 προτέρων
458 2828 638 2914 ἐπιζητῆσαί
674 2853 757 2902 τινας
794 2826 987 2908 φιλοσόφων,
1027 2833 1092 2898 οἷον

79 2928 290 3012 Ἐμπεδοκλέα
310 2932 361 2995 καὶ
373 2924 580 3014 Αναξαγόραι.
622 2929 724 2996 Missa
744 2930 808 2995 hac
829 2931 1040 3019 Empedoclis
1059 2946 1093 3000 et

85 3031 308 3116 Anaxagorae
329 3031 543 3097 similitudine
560 3028 610 3119 ²),
636 3043 744 3120 patet,
766 3056 870 3120 quum
893 3033 1092 3102 Aristoteles

84 3134 122 3201 in
143 3133 409 3220 antecedentibus
432 3135 496 3198 duo
521 3134 668 3199 Platonis
692 3136 871 3214 elementa,
895 3136 1038 3202 alterum
1056 3137 1090 3204 τὸ

86 3242 137 3312 ἓν,
165 3237 306 3301 alterum
328 3235 363 3302 τὸ
385 3236 533 3322 μέγακαὶ
554 3234 660 3324 μικρὸν
682 3237 925 3317 nominaverit,
940 3238 1006 3305 illi
1029 3242 1091 3306 bo·

88 3357 296 3374 ῃ

112 3408 139 3477 1)
157 3409 190 3463 ct
209 3410 341 3466 Philebus
358 3427 387 3479 p.
398 3412 444 3485 16,
456 3430 496 3482 sq.
523 3421 552 3466 et
568 3413 641 3466 Tim.
658 3429 687 3481 p.
695 3411 738 3467 35.
754 3431 795 3483 sq.
856 3440 859 3445 ·
963 3453 966 3460 ·

111 3499 141 3564 2)
158 3496 321 3551 Aristoteles
343 3499 463 3566 metaph.
488 3499 568 3553 XIV.
588 3497 613 3551 4.
632 3503 669 3553 Ν.
695 3515 723 3566 p.
733 3501 792 3551 301:
819 3499 960 3554 simillima
981 3513 1091 3556 senten-

32 3579 34 3583 '
154 3569 256 3621 tiarum
273 3569 356 3619 serie:
377 3565 408 3618 πδ
424 3566 558 3636 γεννῆσαν
575 3564 682 3634 πρῶτον
699 3562 808 3638 ἄριστον
824 3572 924 3622 ecdico
943 3599 998 3632 ,-
1010 3599 1044 3609 -
1058 3599 1093 3613 -··
1203 3584 1208 3594 '

156 3632 214 3688 οἷον
230 3628 414 3703 Ἐμπεδοκλῆς
430 3643 520 3689 τεκαὶ
536 3630 736 3704 Ἀναξαγόραι,
753 3630 832 3703 ὁμέν
843 3634 894 3704 τὴν
908 3635 1002 3706 φιλίαν
1019 3659 1099 3702 ocos·¹

158 3703 254 3770 zelor„
272 3697 288 3755 0‘
305 3697 333 3757 δέ
355 3700 402 3758 cdv
424 3701 487 3761 νοῦν
505 3699 591 3772 doxain
614 3703 737 3772 ποιήσαι.
788 3705 851 3758 Jam
872 3705 942 3758 haec
965 3709 1094 3763 locorum

153 3772 307 3826 similitudo
331 3774 464 3835 maiorem
492 3775 670 3843 sequentibus
695 3772 780 3826 fidem
803 3771 870 3826 facit
896 3775 930 3828 ad
946 3777 1096 3844 Platonem¹
1177 3820 1179 3824 a

155 3844 306 3908 pertinere:
343 3840 398 3895 scir
421 3838 449 3896 δέ
473 3839 522 3895 ταῖς
544 3834 684 3909 α’κινὴπουι
707 3837 795 3894 cicius
819 3840 890 3895 εἶναι
915 3841 1048 3914 λεγόντοιν
1065 3843 1095 3898 οἱ

156 3912 308 3989 μένΰφαογν
326 3902 391 3991 eiad
408 3907 439 3963 τδ
458 3907 489 3964 ἓν
505 3907 536 3963 sd
557 3903 668 3979 ἀγαθὸν
685 3907 752 3964 αὖτέ
771 3908 857 3964 εἶναι·
882 3904 974 3966 οὔοῖον
996 3916 1092 3982 μέντοι
1148 3958 1150 3962 .

155 3974 187 4034 τέ
207 3996 238 4032 ιν
255 3973 336 4032 αυτοῦ
354 3975 439 4046 ᾤοντο
457 3977 528 4034 εἶναι
544 3977 675 4046 μέλιττα.
