2624 4680
128 1204 321 1357 Quoniam
344 1279 400 1326 res
424 1271 537 1331 nadre
562 1258 603 1334 io'
628 1285 670 1332 eo
686 1260 844 1329 maxime
871 1270 920 1330 est
939 1254 1065 1353 posita,
1090 1264 1128 1323 nt

42 1403 45 1409 ·
126 1367 227 1448 locis,
250 1392 333 1456 quae
353 1373 441 1462 apud
455 1371 671 1444 Aristotelem
686 1374 876 1443 dePlatone
895 1371 992 1467 nobis
1012 1367 1135 1438 relicts'

127 1491 225 1564 sunt,
253 1483 294 1550 sd
316 1485 476 1569 genuinas
508 1487 612 1578 ipsius
632 1484 777 1555 Platonis
798 1485 973 1554 sententias
994 1481 1130 1550 restitn-

90 1614 94 1659 ;
128 1591 231 1663 endas
253 1593 488 1684 oiroumspecte
515 1611 650 1667 utamur
670 1620 774 1686 esque
794 1596 969 1685 diligenter
987 1593 1077 1661 inter
1095 1616 1156 1665 se:

131 1724 385 1799 componamuss
416 1706 482 1777 hoo
501 1710 613 1800 ipsum
636 1711 803 1803 postulare
821 1703 972 1791 videtur,
992 1716 1030 1775 nt
1049 1705 1133 1783 loos,

129 1840 176 1885 ne
209 1842 307 1888 ooeea
340 1843 461 1890 eornm
495 1823 590 1892 mole
603 1822 819 1899 obruamur,
859 1819 1055 1911 prinsquam
1089 1816 1133 1884 ad

130 1929 242 2018 ipsam
275 1933 485 2023 propositum
519 1934 766 2032 aooess'erimus',
781 1964 784 1971 ¹
800 1934 956 2001 universe
990 1952 1136 2021 perpen-

28 2126 31 2131 Α
134 2042 244 2111 denda
272 2058 510 2117 enumerentur
538 2060 572 2117 et
603 2048 639 2115 in
669 2046 836 2135 quendam
863 2044 1017 2113 ordinem
1042 2042 1138 2130 dige-

132 2166 264 2224 rantur.
291 2207 295 2217 .
327 2156 426 2242 Quae
452 2159 586 2248 quidem
615 2160 767 2227 locorum
794 2167 964 2225 momenta
983 2165 1016 2224 et
1043 2152 1139 2242 qnasi

132 2267 285 2356 pondera
304 2266 369 2335 hoc
384 2281 483 2338 'oerte
503 2270 596 2352 loeo,
616 2280 735 2360 qaum,
755 2292 839 2358 quoe
851 2268 888 2336 in
901 2268 942 2336 iis
955 2253 1140 2334 memoriae

134 2377 271 2466 prodita
291 2391 384 2457 sunt,
417 2394 532 2471 postea
560 2366 696 2450 detn‘nm
727 2381 907 2448 accuratius
934 2378 1003 2453 sint
1028 2364 1141 2446 oonsi-

138 2488 304 2572 dersnda,
334 2505 474 2562 externa
499 2495 603 2583 magis
629 2494 839 2575 anctoritate,
874 2514 973 2581 quam
1006 2502 1090 2560 vere
1108 2503 1142 2560 et

137 2599 271 2670 interna
292 2603 451 2693 dignitate
471 2608 638 2684 metienda
662 2617 748 2674 sunt.
803 2605 868 2672 Sed
891 2615 924 2672 et
950 2605 1033 2672 haec
1053 2607 1140 2672 ratio

104 2734 107 2739 ·
138 2715 339 2796 necessaria,
359 2729 397 2785 ut
416 2717 573 2787 historica
598 2719 681 2787 fides
708 2730 797 2786 recte
823 2718 1029 2798 aestimetur,
1051 2729 1083 2784 et
1103 2727 1143 2784 ut

16 2910 19 2923 Ι
139 2839 253 2914 postea
286 2829 343 2897 ria
377 2831 420 2898 ad
456 2830 699 2923 philosophicas
734 2830 879 2915 Platonis
912 2830 1064 2898 notiones
1097 2836 1151 2897 ex*

139 2935 322 3008 Aristotele
343 2943 544 3011 evolvendos
565 2945 668 3011 tutior
694 2943 737 3011 sit
764 2954 797 3010 et
817 2943 868 3010 ab·
887 2942 981 3009 omni
1002 2953 1168 3011 externo·

73 3054 77 3061 '
139 3046 268 3144 impetu
287 3077 414 3124 secura.
487 3085 499 3111 ·-
577 3080 580 3087 ·

231 3165 375 3258 Triplex
401 3166 532 3251 antem,
559 3182 718 3257 qnatenus
745 3166 811 3237 hoo
837 3167 912 3235 loeo
939 3163 1144 3235 aestimande

141 3286 208 3355 est,
241 3279 393 3351 locorum
426 3283 522 3349 ratio.
577 3281 773 3350 Aristoteles
807 3280 897 3347 enim
934 3258 974 3348 in
996 3275 1145 3346 Platonis

99 3440 102 3445 .
140 3390 310 3458 sententiis
343 3392 577 3481 perososendis
605 3405 661 3461 ent
689 3376 835 3460 Platonis
873 3410 996 3460 nomen
1027 3400 1145 3480 aperte

47 3588 54 3597 .
130 3499 336 3599 ¹profitetur,
362 3516 420 3572 aut
446 3528 525 3574 enm
545 3508 642 3574 taeite
664 3506 810 3594 respicit.
864 3504 1034 3591 Equibns
1062 3501 1145 3570 locis

141 3611 211 3687 111⁸,
234 3616 392 3703 quoniam
407 3619 518 3685 nullus
538 3640 607 3685 esse
629 3628 737 3708 potest
757 3619 800 3685 de
814 3620 993 3711 sententiae
1010 3613 1147 3683 anctore

143 3744 256 3805 error,
291 3728 455 3816 gravioris
491 3729 592 3813 haee,
635 3731 793 3818 quoniam
835 3731 1041 3814 conjectura,
1082 3749 1149 3815 qna

25 3842 28 3846 '
140 3833 235 3904 locus
262 3841 304 3906 ad
323 3841 495 3908 Platonem
530 3842 694 3926 refertur,
727 3844 856 3935 saepius
883 3843 1004 3920 fallax,
1035 3841 1148 3907 mino-

143 3948 190 4017 ris
212 3953 372 4019 momenti
389 3967 421 4021 et
446 3959 581 4059 secundi
609 3955 700 4044 quasi
724 3956 869 4037 ordinis,
906 3966 1020 4047 utpote
1042 3953 1150 4040 magis
