2624 4680
495 267 603 283 x«

571 300 576 312 a

658 342 767 405 3-.

161 512 251 584 al'dc'ir
271 523 305 579 et
332 516 404 600 aaa
424 510 566 600 adpetet
586 534 611 578 a.
633 509 820 593 φιλοσοφίας
836 517 900 592 ’),’
918 533 1001 598 quos
1024 511 1068 580 de
1090 513 1170 604 ipsis

142 610 309 692 *Platonis
335 624 456 692 scholis
476 625 616 714 scriptos
637 607 868 698 essescimus,
905 625 1004 713 plura
1027 626 1179 715 denique·

160 759 266 824 eaque
290 758 429 826 magna,
457 760 541 825 quae
568 736 616 815 alt
637 734 819 835 Aristotele
838 714 987 818 ,Platonis
1016 760 1192 819 comme,
1250 744 1252 748 ’

157 861 337 917 morantur
351 870 458 938 neque
471 850 632 917 tamenin
652 848 791 936 dialogis
807 828 1037 918 inreniuntur.
1062 851 1168 932 Haec,

157 982 244 1049 quae
268 960 388 1027 ultimo
412 961 486 1028 loco
520 960 636 1051 posui,
671 972 762 1027 tanto
794 960 950 1049 graviora
986 961 1069 1030 mihi
1096 965 1167 1035 visa

156 1083 235 1140 sunt
252 1073 409 1162 vestigia,
430 1074 552 1162 quanto
574 1073 697 1141 certior
715 1073 751 1139 in
770 1064 832 1140 hac
852 1098 890 1141 re
904 1066 1102 1143 Aristoteles
1117 1075 1180 1147 est*

155 1185 259 1265 testis,
275 1185 340 1252 nisi
355 1186 442 1253 forte
456 1185 643 1274 stagiritae,
656 1184 813 1253 historiae
827 1184 1056 1276 philosophiae
1071 1193 1172 1277 quasi·

154 1297 306 1388 parenti,
339 1319 425 1385 quae
446 1300 478 1366 ei
505 1297 587 1365 fides
622 1296 659 1363 in
687 1297 927 1385 antiquioribus
958 1297 1164 1391 philosophis

155 1409 279 1497 ubique
293 1408 449 1490 habetur,
470 1408 557 1475 hanc
576 1409 612 1476 in
627 1408 786 1490 Platone,
812 1411 903 1495 cujus
925 1413 1177 1499 consuetudins,

156 1545 220 1613 per
241 1518 359 1611 viginti
379 1544 602 1609 annosasque
619 1521 659 1586 ad
682 1520 909 1613 ejusmortem
930 1536 1088 1615 usus‘est,
1111 1536 1164 1615 te7

128 1632 141 1651 ⁶
155 1647 292 1705 merset
305 1624 549 1702 inconsiderate
563 1633 646 1700 velis
660 1632 830 1721 derogare.
854 1634 1070 1702 Aristotelem
1081 1661 1162 1703 vero

153 1745 304 1815 Platonis
332 1740 577 1839 philosophiam
611 1744 704 1811 recte¹
733 1745 917 1835 intelligere
954 1760 987 1814 et
1023 1722 1162 1819 candide
1192 1806 1194 1809 ,

154 1860 289 1927 tradere
309 1871 367 1928 aut
391 1859 565 1927 nescivisse
592 1867 650 1922 aut
672 1857 831 1935 noluisse,
863 1882 962 1926 nemo
982 1860 1055 1943 jure
1077 1884 1162 1929 con-

152 1971 280 2040 tendet.
322 1970 470 2060 Quodsi
494 1969 681 2054 nescivisset
695 1943 909 2051 Aristoteles,
933 1972 1016 2040 tanti
1033 1973 1162 2061 ingenii
1188 1952 1193 1955 .

153 2083 229 2164 vir,
249 2098 312 2172 per
330 2096 381 2166 tot
401 2104 505 2151 annos
520 2081 650 2148 Platoni
667 2063 859 2160 familiaris,
876 2119 916 2132 -
933 2060 1006 2171 guis
1026 2088 1160 2155 tandem

156 2194 280 2262 serat
317 2196 473 2263 Noluisse
489 2217 588 2274 vero,
611 2192 636 2259 a
654 2193 717 2258 sibi
733 2194 909 2274 suadeant,
929 2178 1059 2284 quitisj
1076 2220 1160 2286 quae
1280 2203 1282 2207 ·

156 2310 214 2376 hic
245 2309 315 2375 illic
341 2308 429 2401 apud
457 2309 599 2374 seriores
634 2303 812 2398 scriptores
840 2306 882 2373 de
911 2308 1045 2405 dissidio
1072 2287 1178 2378 inter

155 2416 331 2489 Platonem
351 2433 385 2487 et
399 2418 617 2488 Aristotelem
638 2422 732 2498 etde
755 2421 896 2510 quadam
912 2421 1101 2488 Aristotelis
1123 2423 1160 2490 in

155 2520 408 2626 praeceptorem
436 2533 591 2622 superbia
615 2534 788 2620 leguntur,
819 2520 920 2600 iidem
941 2533 1065 2602 hahere
1085 2558 1162 2601 rna-

155 2648 241 2728 lont‚
263 2668 364 2745 qaam
376 2664 500 2732 magno
514 2657 546 2711 et
558 2646 687 2711 sincero
702 2644 892 2713 Aristotelis
905 2645 1049 2733 ingenio,
1064 2648 1162 2734 quale
1175 2639 1188 2659 ²
1266 2668 1269 2675 ’

155 2751 348 2849 inscriptis
375 2759 500 2844 ubique
529 2757 692 2840 cernitar,
726 2771 759 2824 et
781 2757 822 2823 iis
844 2757 925 2846 ipsis
956 2779 999 2823 ex
1023 2756 1160 2853 Platone

135 2914 139 2927 ·
155 2872 246 2964 apud
260 2872 476 2941 Aristotelem
492 2860 669 2959 exemplis,
692 2893 777 2957 quae
795 2892 871 2940 oum
886 2869 1025 2937 Platone
1044 2871 1162 2936 collata

108 3014 111 3019 -
156 2985 284 3078 opums
306 2983 506 3071 mussant.
562 2981 946 3079 sustentatura,
977 2983 1019 3048 aa
1040 2983 1161 3070 quitus
1248 2952 1253 2971 '

157 3098 299 3166 minime
318 3094 397 3162 satis
424 3104 558 3160 constat
613 3095 707 3162 Num
737 3116 780 3160 ex
792 3094 854 3160 'his
880 3103 1086 3186 consequens
1104 3105 1162 3176 est,
1235 3093 1237 3108 '

158 3209 379 3280 Aristotelem
406 3188 554 3274 Platonis
583 3204 830 3298 philosophiam
855 3205 907 3271 in·
926 3205 1021 3295 pejus
1047 3206 1163 3272 detor-

157 3321 262 3390 sisse'l
302 3319 444 3388 Veteres
457 3319 649 3389 Aristotelis
669 3318 917 3397 obtrectatores,
939 3317 1207 3409 quodqunquep
1274 3372 1277 3386 .

160 3433 291 3502 invidia
321 3430 437 3514 finxit,
480 3432 517 3501 in
547 3449 626 3498 eum
670 3428 866 3517 congerere
889 3451 960 3496 non
995 3418 1190 3517 verentur-f

161 3574 368 3620 ---‘-
1201 3520 1205 3533 Ι

185 3652 493 3740 turtunensis.
515 3671 583 3727 aa
607 3665 820 3732 essemus,
846 3680 918 3736 quas
941 3664 1165 3736 mutares.

230 3755 349 3812 Brundi:
365 3758 398 3810 in
423 3758 532 3827 egregia
550 3757 782 3809 commentatione
811 3753 862 3817 „de
877 3753 992 3822 perditis
1007 3752 1167 3808 Aristotelis

219 3841 312 3897 libris
328 3840 364 3896 de
373 3841 442 3898 ideis
456 3841 530 3897 etde
545 3841 620 3895 bono
636 3858 659 3895 s.
673 3838 880 3908 philosophia.“
892 3865 928 3876 -
941 3835 985 3891 Ad
996 3853 1069 3909 quos
1078 3836 1166 3892 libros

233 3923 352 3984 domasa
368 3939 396 3982 et
407 3924 581 3985 referendum
597 3924 668 3980 illud
678 3924 820 3980 Plutarchi
832 3924 893 3978 adv.
910 3923 1036 4005 Colorem
1051 3938 1081 3992 p.
1090 3923 1166 3977 111⁸.

231 4012 313 4073 Md·
330 4010 458 4070 Frmcot.
488 4007 524 4068 ris
539 4006 716 4084 Ἀριστοτέλης
740 4006 770 4062 ἐν
785 4005 1048 4066 retentaverunt
1065 4007 1166 4078 timus.
1252 4020 1258 4033 ’

742 4104 787 4168 1*
