2624 4680
629 296 673 392 aa

151 504 265 568 veniat
286 500 392 583 (Tim.
412 499 505 591 put.
521 523 548 564 a.
568 498 664 579 eto),
685 519 800 562 rerum
822 510 917 587 putes
933 502 1151 573 universitatis

151 614 245 699 quasi
271 615 452 703 exemplar.
504 613 554 678 lta
582 622 709 676 veteres
730 610 926 698 interpretes
952 605 1022 701 (riv
1042 617 1155 703 νοητόν
1269 614 1275 627 ’

150 720 311 807 διάκοσμον
329 725 502 815 simplic-l.
553 723 642 799 Aut,
665 724 693 787 si
714 725 790 794 ζῶσι
812 727 995 791 accuratius
1015 743 1151 817 spectes,

148 837 326 903 animantis
348 860 417 905 esse
443 838 568 912 ideam,
603 857 740 919 eamque
770 857 811 900 ex
832 860 917 917 uno,
954 852 992 905 ut
1017 842 1151 909 intelle-

149 959 259 1028 ctum,
280 950 440 1039 edyade,
459 962 497 1016 ut
516 949 775 1034 longitudinem,
797 951 964 1037 etryade‚
986 964 1023 1017 ut
1044 956 1152 1042 plana,

150 1083 172 1127 ο
191 1061 334 1140 tetrade,
362 1076 397 1127 ut
418 1085 560 1151 corpora
581 1062 754 1150 percipere
775 1063 893 1149 possit,
925 1088 995 1129 esse
1016 1089 1154 1156 compo-

147 1174 261 1242 sitam.
302 1175 378 1240 Hoc
391 1175 419 1240 si
434 1176 638 1264 acciperetur
653 1176 809 1252 alterum,
828 1199 882 1254 ea,
899 1172 988 1262 'quae
1007 1202 1155 1265 sequun-

149 1296 208 1351 tur
231 1286 343 1371 (ἔτιδὲ
363 1285 634 1372 zeibil-noete),
658 1298 690 1351 et
711 1285 854 1367 sejuncta
876 1300 981 1353 essent
1008 1304 1041 1355 et
1062 1315 1154 1358 mera

148 1397 225 1466 fere
247 1401 410 1489 repetitio.
432 1438 471 1450 -
492 1402 564 1467 Nos
584 1403 709 1484 itaqua,
733 1399 908 1485 posteriori
923 1405 1082 1469 sententia
1097 1429 1155 1471 re·
1261 1432 1266 1440 ·

149 1512 442 1588 licta‚·Brandisio
466 1513 548 1589 duce
570 1512 719 1599 priorem
741 1513 954 1597 agnoscimus.
997 1517 1060 1580 His
1089 1541 1154 1582 nu-

149 1625 270 1707 meris,
292 1627 350 1710 qui
372 1649 486 1692 rerum
501 1625 750 1690 universitatem
766 1623 840 1689 idea
861 1626 1039 1707 continent,
1060 1652 1155 1695 com·

147 1752 324 1830 ponuntur
357 1738 475 1817 iidem,
504 1738 626 1824 quain
647 1748 758 1802 mente
778 1749 854 1801 sunt
874 1738 909 1803 vi
930 1752 963 1805 et
984 1753 1153 1829 potestate,
1207 1802 1213 1815 ,
1274 1778 1281 1785 ·

148 1864 201 1930 nt,
222 1852 389 1938 quomodo
404 1851 491 1915 illius
513 1872 626 1915 rerum
648 1849 870 1915 universitatis
890 1855 1058 1942 perceptio
1076 1855 1153 1922 fieri

148 1965 268 2056 possit,
297 1963 513 2051 significetur,
576 1967 660 2037 Νοῦς
687 1961 723 2026 in
754 1964 878 2028 unitate
905 1965 966 2030 sibi
994 1971 1154 2036 constanti

147 2078 276 2168 positus
296 2088 362 2154 est3
384 2069 538 2160 ἐπιστήμη
554 2075 677 2163 quippe
697 2097 781 2160 quae
800 2087 887 2140 certa
907 2073 939 2140 ct'
956 2100 1050 2159 vera,
1072 2082 1154 2148 sicut

149 2202 241 2257 recta
267 2190 369 2266 linea,
400 2211 505 2254 uuum
529 2199 659 2253 tantum
688 2188 827 2275 expetit,
855 2210 917 2252 nec
936 2188 1153 2287 dextrorsum

147 2325 213 2369 nec
228 2302 453 2367 sinistrorsum
475 2300 679 2388 exspatians;
704 2300 785 2364 dum
801 2322 881 2365 vero
897 2304 1036 2390 expetit,
1057 2319 1153 2374 motu
1269 2318 1272 2323 “

140 2432 236 2504 'opus
271 2425 335 2493 est,
370 2413 428 2498 qui
459 2412 592 2499 quidem
630 2412 736 2477 lineae
771 2405 915 2498 imagine
950 2421 1152 2509 proponitur

149 2531 302 2614 (μοναχῶς
323 2522 377 2612 γὰρ
398 2525 448 2607 ἐφ’
476 2524 545 2607 ἓν);
581 2519 654 2617 δόξῃ
675 2524 801 2613 saepius
823 2526 864 2591 ab
885 2528 982 2595 unica
1006 2534 1078 2598 veri
1098 2536 1154 2602 via

150 2653 187 2709 et
208 2639 301 2727 quasi
315 2650 410 2715 ‚rectu
439 2637 526 2703 linea
548 2636 715 2703 aberranti
743 2639 833 2724 plani
862 2664 1021 2708 numerus
1045 2647 1154 2714 tribu-

149 2768 222 2834 tus3
242 2754 326 2819 sicut
343 2745 491 2836 αἰσθήσει
508 2773 622 2816 omues
636 2750 735 2840 spatii
755 2751 974 2819 dimensiones
996 2781 1152 2844 perscru-

149 2866 234 2935 tanti
250 2864 478 2952 quaternarius
494 2885 666 2928 numerus.
708 2863 774 2938 Ita,
796 2878 832 2930 ut
851 2867 1042 2952 redeamus,
1063 2877 1153 2944 uude

149 2978 299 3071 profectu
327 2990 376 3042 est
402 2976 525 3058 oratio,
558 2974 677 3041 similia
710 2975 872 3046 similibus
903 3005 1152 3072 cognoscuntur.
1221 2978 1225 2993 ¹

236 3091 365 3170 Restat,
387 3101 439 3166 ut,
462 3110 544 3175 quae
564 3087 652 3152 inter
672 3085 730 3153 has
754 3090 833 3155 duas
853 3107 963 3181 partes
985 3100 1154 3185 interjecta

151 3207 246 3280 stitit,
267 3200 306 3268 τὰ
327 3201 357 3267 d’
383 3197 461 3265 iil-lo
481 3194 686 3284 ὁμοιοτρόπως
704 3203 911 3290 attingamus.
964 3209 1060 3295 Quae
1077 3215 1153 3281 sue-

151 3316 224 3385 rint
251 3314 332 3380 baec
352 3314 495 3400 reliqua,
517 3334 584 3376 non
607 3312 804 3392 delinimus,
832 3319 1005 3388 universas
1026 3338 1153 3396 tautum

150 3430 253 3505 ideas,
265 3450 306 3492 ne
314 3427 393 3513 quid
401 3425 531 3491 Platoni
547 3423 752 3523 obtrudatur,
765 3427 989 3518 intelligentes.
1012 3437 1153 3509 Veteres

133 3528 351 3630 ⁸interpretes
371 3537 560 3627 Simplicius
583 3549 616 3603 et
642 3537 716 3603 Job.
737 3540 942 3632 Philoponus
971 3545 1008 3615 τὰ
1028 3551 1057 3617 δ’
1075 3553 1154 3623 ἄλλα

153 3656 197 3721 ad
216 3653 344 3739 reliqua
354 3653 446 3749 ptris,
467 3673 551 3738 quae
570 3663 715 3738 ponunt,
735 3675 850 3720 rerum
869 3679 990 3743 genera
1006 3666 1153 3734 trabunt.

153 3764 193 3835 cit
213 3763 378 3850 ἐπιστητὰ,
399 3761 436 3828 τὰ
455 3757 603 3839 δοξαστά,
628 3757 666 3828 τὰ
687 3764 824 3851 αἰσθητά
830 3812 839 3844 ,
864 3792 946 3855 quae
967 3752 1043 3842 sunt
1064 3778 1154 3846 Sim-

154 3878 246 3969 plicii
267 3880 370 3945 verba
390 3874 465 3983 <fol-
480 3874 513 3944 7.
530 3878 593 3956 a),
614 3873 685 3941 sive
706 3878 748 3943 ad
773 3875 811 3944 τὰ
831 3872 956 3967 superi,
971 3885 1009 3954 τὰ
1030 3888 1152 3972 φυσικά,

153 3990 194 4060 τὰ
215 3983 373 4078 alodarii,
409 3986 689 4089 quemadmodum
725 3989 811 4058 dixit
842 3995 916 4062 Joh.
949 3998 1154 4092 Philoponus
