2624 4680
146 1501 355 1634 Antequam
380 1522 546 1616 ostentum
574 1557 662 1629 erat,
691 1567 778 1632 quae
805 1526 888 1613 esset
910 1555 999 1613 certa
1019 1545 1148 1637 sibique
1174 1569 1177 1578 “

146 1673 300 1734 constans
327 1661 472 1727 Platonis
505 1661 715 1746 dialogorum
742 1657 899 1724 continua
927 1657 1047 1739 series,
1083 1673 1149 1748 qua'

145 1792 286 1858 sequens
315 1770 518 1839 antecedenti
538 1758 697 1858 tanquam
716 1769 933 1836 laudamento
959 1770 1095 1851 nititur,
1109 1774 1152 1850 >et
1277 1831 1279 1835 ,

146 1884 258 1974 priori
281 1883 446 1974 posterior
473 1875 580 1950 lucem
604 1882 761 1949 affundit:
788 1881 918 1970 saepius
941 1883 1063 1950 sactum
1092 1900 1150 1970 est,

99 2057 102 2061 .
148 2004 188 2063 ut
207 1995 363 2062 historiae
383 1995 614 2086 philosophiae
632 1995 846 2083 interpretes,
867 1993 896 2058 si
918 1993 997 2080 quid
1020 1998 1152 2066 obscuri

124 2120 184 2175 et
205 2107 342 2207 abrupti
358 2109 394 2176 in
430 2109 566 2196 dialogis
592 2105 758 2178 invenisse
785 2105 848 2172 sibi
870 2101 1090 2192 viderentur,
1108 2111 1152 2178 ad
1178 2178 1180 2182 .

98 2242 102 2248 ’
148 2244 286 2289 arcanas
306 2222 462 2309 quasdam
483 2221 556 2286 Plat
542 2219 630 2285 tonis
658 2218 785 2285 scholas
809 2229 971 2304 tanquam
992 2221 1033 2315 ad
1057 2240 1152 2289 com·
1132 2252 1163 2303 -g

149 2357 255 2400 mune
275 2332 469 2440 confugium
498 2331 772 2411 decurrerent3
761 2352 799 2396 ιιι
827 2328 886 2394 has
913 2331 1004 2403 enim
1033 2323 1153 2401 ‘diffisi

149 2423 237 2513 liora
270 2444 389 2530 rejecta
427 2465 514 2526 esset
554 2443 675 2510 harum
717 2422 921 2509 reconditam
955 2446 1152 2533 sapientiam
1229 2471 1232 2476 ·

149 2557 322 2624 Platonem
342 2557 404 2628 sihi
421 2569 454 2623 et
468 2555 684 2644 familiaribus
702 2550 895 2667 retinuisse,
916 2549 1061 2644 dialogos
1078 2566 1155 2626 tan·

149 2678 240 2747 tum,
273 2667 492 2754 significantes
519 2669 623 2756 magis
650 2691 750 2756 quam
778 2679 998 2758 exponentes,
1020 2669 1153 2761 populo
1264 2733 1273 2742 ,

149 2782 355 2857 concessisse.
412 2781 508 2867 Quae
534 2789 678 2848 secretae
706 2780 874 2887 cujusdam
898 2786 932 2848 et
961 2781 1151 2861 esotericae,

150 2871 253 2981 quim
279 2894 452 3002 dixerunt,
479 2883 707 2984 philosophiae
726 2893 839 2984 opinio
861 2899 933 2958 erat
958 2883 1153 2976 refellenda,

150 2994 312 3091 quantum
330 3007 464 3093 quidem
491 3031 510 3072 e
534 3006 611 3072 solis
635 3016 692 3072 aut
716 3004 840 3096 spuriis
857 3009 891 3084 ¹)
916 3013 972 3070 aut
993 2985 1101 3069 dubiis
1115 3006 1152 3090 ⁸)
1241 3077 1266 3100 ‘¹

151 3115 346 3183 testimoniis
373 3118 514 3206 repetita
543 3130 613 3186 erat
640 3129 673 3186 et
706 3117 914 3206 dialogorum
942 3115 1024 3183 locis
1041 3118 1076 3196 ³)
1115 3116 1154 3185 in

150 3227 242 3297 hunc
261 3243 358 3297 usum
374 3217 511 3297 deflexis
531 3230 734 3299 confirmata.
776 3229 831 3298 Ac
845 3227 876 3295 si
895 3227 952 3316 qui
970 3228 1016 3296 ita
1030 3228 1154 3296 versati
1252 3214 1257 3235 ’

102 3329 107 3375 3
151 3352 248 3421 sunt,
282 3350 321 3408 ut
356 3354 494 3434 propter
527 3325 608 3410 eam-
634 3343 691 3411 vel
731 3341 941 3429 dialogorum
967 3350 1101 3442 nerum
1120 3351 1154 3408 et
1254 3332 1259 3339 ’

179 3647 207 3725 1)
224 3581 304 3721 epist.
313 3603 440 3726 Platonis
455 3653 568 3711 uomina
579 3650 731 3727 ditudguta
736 3652 814 3726 ΙΙ.ιι.
822 3655 883 3711 332.
898 3652 927 3713 3.
942 3653 1002 3758 313.
1016 3668 1041 3714 e·
1056 3667 1086 3724 ιι.
1093 3648 1154 3773 314.

220 3753 246 3794 c.
262 3736 305 3793 ed.
322 3727 421 3808 steph.
1235 3748 1240 3752 ·

177 3832 942 3933 3)·Ηιι33313ι341333ι3433ι344.3.
1060 3939 1092 3949 M

177 3942 468 4041 ammam
623 3945 627 3954 ’
886 3949 891 3959 ’

872 3997 877 4011 .
1003 4007 1005 4010 Ι
1098 3998 1099 4001 ,

1054 4027 1060 4041 r

752 4073 810 4138 122
860 4114 867 4129 2
