2624 4680
580 295 776 400 ,Μ

170 508 260 580 aldiis
280 518 314 575 et
341 511 413 596 πορό
433 506 576 595 τάγαθοῦ
595 529 621 572 s.
642 492 829 588 primoplae
845 511 901 587 ¹),
927 527 1011 592 quos
1034 506 1077 575 de
1099 507 1179 598 ipsis
1196 552 1199 557 -

151 608 318 688 “Platonis
344 619 465 687 scholis
485 620 625 709 scriptos
646 603 877 693 essescimus,
914 619 1013 714 plura
1036 621 1180 711 denique

169 754 275 820 eaque
299 754 438 821 magna,
466 755 551 821 quac
577 731 621 809 eb'
646 729 828 830 Aristotele
848 730 996 829 ,Platonis
1025 754 1201 813 conone·¹¹
1259 738 1261 742 ’

167 856 346 912 morantur
360 866 468 933 neque
480 855 593 912 tamen
605 845 642 911 in
661 843 801 930 dialogis
816 838 1046 913 inueniuntur.
1071 846 1177 927 Haec,

161 978 254 1044 aquae
278 956 397 1023 ultimo
421 957 496 1024 loco
529 956 646 1046 posui,
680 967 771 1022 tanto
803 955 959 1043 graviora
995 956 1079 1024 mihi
1105 961 1176 1029 viss

165 1079 245 1136 sunt
262 1069 418 1157 vestigia,
439 1070 561 1157 quanto
583 1069 707 1136 certior
724 1069 760 1135 in
778 1058 842 1134 hec
861 1060 1111 1138 1·eAristoteles
1126 1070 1190 1141 est*

165 1181 268 1260 testis,
285 1181 349 1248 nisi
364 1181 451 1249 forte
465 1179 652 1269 stagiritae,
665 1178 822 1247 historiae
837 1179 1065 1271 philosophiae
1080 1187 1175 1271 quasi

164 1293 315 1384 parenti,
348 1295 487 1381 quaesi
515 1293 597 1360 fides
631 1292 668 1358 iu
696 1288 937 1381 antiquioribus
966 1292 1174 1386 philosophia

164 1404 289 1493 ubique
303 1404 459 1486 habetur,
480 1404 566 1470 hanc
585 1405 620 1472 in
637 1403 795 1485 Platone,
821 1406 913 1490 cujus
935 1407 1187 1494 consuetudins,

165 1541 230 1608 per
251 1514 368 1606 viginti
387 1538 612 1605 annosasque
629 1517 668 1582 ad
692 1515 919 1608 ejusunortem
940 1530 1098 1609 ususfest,
1120 1531 1173 1587 te-

138 1628 151 1647 *
165 1643 302 1701 merset
315 1620 558 1698 inconsiderate
573 1629 655 1696 velis
669 1628 839 1716 derogare.
863 1629 1080 1697 Aristotelem
1090 1655 1171 1698 vero
1251 1697 1254 1701 .

163 1740 314 1810 Platonis
341 1741 587 1835 philosophiam
622 1739 713 1807 recte
742 1739 927 1829 intelligere
963 1754 997 1809 et
1032 1718 1172 1813 candide
1201 1800 1203 1804 ,

164 1856 298 1923 tradere
318 1868 376 1923 aut
400 1855 574 1923 nescivisse
602 1863 659 1919 aut
682 1852 840 1930 noluisse,
872 1877 972 1923 nemo
991 1855 1065 1938 jure
1086 1879 1171 1924 cou-

162 1967 289 2036 tendet
332 1967 433 2056 Quod
451 1967 480 2032 si
503 1964 690 2049 nescivisset
704 1938 919 2069 hristoteles,
943 1966 1025 2061 tanti
1043 1968 1171 2057 ingenii
1198 1946 1203 1950 Ι

163 2079 238 2159 vir,
259 2092 322 2169 per
340 2092 390 2162 tot
411 2100 515 2147 annos
530 2077 660 2144 Platoni
677 2074 868 2156 familiaris,
886 2080 1015 2166 -quis
1035 2082 1170 2150 tandem

165 2190 290 2258 sciret?
327 2192 482 2260 Noluisse
499 2212 598 2270 vero,
621 2188 644 2254 ii
664 2189 726 2254 sibi
742 2189 918 2270 suadeant,
937 2192 997 2279 qui
1010 2192 1069 2272 iis,
1085 2215 1170 2280 quae
1290 2197 1291 2202 ’

166 2306 224 2372 ass
255 2304 325 2370 suto
351 2304 439 2397 apua
467 2304 609 2370 seriores
644 2299 821 2394 scriptores
850 2303 892 2368 oe
920 2303 1055 2400 arsisio
1082 2282 1188 2372 anae

164 2412 341 2486 Platonem
361 2428 395 2483 et
408 2414 627 2484 Aristotelem
648 2417 742 2494 etde
765 2417 906 2505 quadam
921 2416 1111 2484 Aristotelis
1132 2417 1170 2484 iu

166 2515 417 2622 praeceptorem
446 2528 601 2618 superbia
625 2529 798 2616 leguntur,
829 2514 929 2595 iidem
950 2528 1074 2597 habere
1095 2553 1171 2596 ma-

164 2644 251 2724 lunt,
273 2664 374 2740 qnam
386 2663 509 2728 magno
524 2652 556 2706 et
568 2641 697 2707 sincero
712 2639 902 2708 Aristotelis
914 2640 1059 2728 ingenio,
1074 2634 1188 2729 quale
1276 2660 1279 2667 '

164 2747 357 2845 inscriptis
385 2753 510 2840 ubique
538 2753 702 2836 cernitur,
736 2766 769 2819 et
790 2752 832 2818 iis
854 2752 934 2840 ipsis
966 2774 1009 2818 ex
1032 2752 1171 2848 Platone
1246 2824 1248 2829 ,

145 2911 149 2923 ·
165 2868 257 2960 apud
270 2868 486 2938 Aristotelem
501 2855 678 2954 exemplis,
702 2889 786 2953 quae
805 2885 881 2931 cum
896 2864 1035 2932 Platone
1054 2865 1172 2932 collate

118 3011 120 3015 ’
167 2981 295 3074 optime
316 2979 516 3067 conspirant.
572 2977 637 3044 Sed
659 2976 784 3043 luerint
805 2977 955 3074 dissidia,
987 2977 1171 3064 dequibus
1258 2947 1263 2966 l

167 3094 308 3163 minime
328 3090 407 3158 satis
433 3100 568 3156 constat
623 3090 717 3157 Num
747 3088 863 3156 ex'his
889 3098 1096 3182 consequens
1113 3099 1172 3171 eat,
1245 3087 1247 3103 '

168 3205 389 3276 Aristotelem
416 3182 564 3269 Platonis
593 3199 840 3294 philosophiam
865 3200 917 3267 in·
936 3199 1030 3290 pejus
1058 3202 1172 3292 detor-

167 3317 272 3386 sisset
312 3315 455 3384 Veteres
467 3315 659 3385 Aristotelis
678 3313 927 3392 obtrectatores,
949 3313 1173 3405 quodqurique
1212 3354 1217 3359 -
1284 3367 1288 3380 .

170 3429 300 3498 invidia
332 3426 447 3510 finxit,
489 3428 527 3497 in
557 3444 636 3494 eum
680 3423 876 3512 congerere
899 3446 971 3491 nou
1005 3414 1199 3514 verentur,¹

195 3664 224 3736 ο)
240 3665 358 3724 neoc
375 3659 403 3720 e
419 3648 503 3720 anim„
525 3667 549 3720 1.
564 3668 592 3723 a
617 3673 646 3719 a
660 3660 831 3728 semmua,
856 3675 928 3732 quse
951 3660 1072 3731 mllegtt'
1090 3661 1121 3717 c.
1137 3660 1175 3717 a.

240 3751 359 3808 litandis
375 3753 408 3806 in
433 3753 542 3822 egregia
560 3751 792 3804 coamnentatione
821 3748 872 3812 „de
887 3748 1002 3817 perditis
1017 3746 1177 3804 Amorem

231 3837 322 3893 >utra
338 3835 374 3892 de
383 3837 452 3893 ideis
466 3850 493 3892 et
505 3836 540 3892 de
555 3836 630 3891 bono
646 3852 669 3890 ι.
683 3833 890 3903 philosophtc.“
902 3860 938 3872 -
951 3830 995 3887 Ad
1006 3848 1079 3904 quos
1088 3831 1176 3887 libros

243 3919 362 3979 formis
378 3934 406 3977 et
417 3919 592 3979 minandum
607 3919 678 3975 illud
688 3919 830 3975 Plutarchi
842 3919 903 3974 adv.
920 3917 1047 3999 Colorem
1062 3933 1091 3987 p·
1100 3918 1176 3971 1118.

241 4007 324 4068 ued-
341 4005 468 4066 rences.
498 4002 534 4064 oie
549 4001 726 4080 Ἀριστοτέλης
750 4001 781 4058 ἐν
795 4006 861 4060 τοῖς,
872 4000 1058 4061 Πλατωνικοῖς
1075 4001 1176 4072 εἴρηκε.
1263 4015 1268 4027 ’

753 4099 797 4163 1*
