2624 4680
532 355 670 421 ‘¹43

143 530 282 619 speeies.
300 564 305 571 ·
323 527 416 595 Haec
436 548 519 594 vero
540 527 582 594 ab
604 525 661 593 illa
673 525 762 616 odolo
773 548 885 615 perse
897 527 1037 594 omniuo
1051 525 1152 606 abest,

145 654 185 708 ut
204 642 280 707 satis
293 618 534 706 testatnrlocus
547 621 827 729 metapb.V1l.7‚.
842 646 878 706 Ζ.
890 662 925 728 p.
940 639 1015 708 140.
1026 640 1153 707 Brund.

144 754 248 823 Unde
277 753 343 818 hoc
371 748 631 841 philosophandi
657 751 829 820 subtilitati
855 752 1004 818 dandum
1028 749 1154 830 fuisset,

143 879 185 932 ut
206 866 296 932 odolo
310 865 456 931 ‘essentis
482 864 668 945 diceretur,
703 861 831 952 etiamsi
858 887 927 930 vox
954 888 1023 932 non
1039 866 1181 949 lama«

145 980 311 1071 Cicerone
336 996 458 1042 excusa
485 987 518 1042 et
532 978 693 1045 ·Senecae
710 975 904 1044 auctoritate
925 978 1049 1043 sancita
1065 978 1154 1045 'esset

106 1141 110 1149 .
146 1080 214 1163 (cf.
243 1084 355 1157 Ssuee
391 1112 445 1178 ep.
471 1088 544 1174 58).
581 1090 694 1175 Quae
725 1090 866 1157 essentia
903 1090 1057 1157 idearum
1095 1101 1154 1156 est.

147 1202 270 1269 Emori
289 1214 420 1285 ιιιιῐιιιιι,
451 1226 521 1291 quo
542 1202 906 1290 substantialquaedrm
925 1205 971 1270 in.
984 1203 1076 1268 coelo
1098 1214 1155 1268 aut

147 1316 353 1402 quovis'alio
372 1317 447 1382 locu
464 1315 576 1406 posita
592 1316 634 1381 ad
649 1317 739 1382 ideas
751 1315 916 1393 refertur,
937 1316 995 1381 illa
1009 1317 1155 1382 maxims
1243 1300 1247 1309 ⁴

150 1428 255 1504 animi
285 1439 364 1494 ante.
393 1427 480 1494 hanc
508 1429 611 1496 vitam
638 1429 676 1494 in
704 1429 804 1495 eoelu
825 1427 1015 1494 circumacti
1043 1428 1156 1514 ibique

147 1541 241 1607 ideas
267 1538 425 1609 intuentis
450 1539 488 1606 in
515 1539 670 1606 Phaedro
697 1539 896 1628 descriptio,
928 1539 1173 1629 pulcherrima·

147 1653 210 1718 >illa
239 1653 392 1738 qtsidsm,
427 1650 485 1718 sed
518 1649 654 1725 fabulae
689 1652 889 1736 imaginibus
923 1665 956 1727 et
988 1652 1154 1718 coloribus

149 1764 285 1844 induta,
309 1764 515 1845 occasionem
536 1764 726 1852 praebuisse
744 1766 886 1832 videtur.
935 1767 1006 1832 lam
1028 1766 1156 1831 dudum

150 1901 173 1943 e
193 1877 332 1943 Platone
350 1875 553 1943 stmaxime
571 1898 614 1943 ex
626 1877 909 1958 ejus-Permesside
922 1889 1087 1944 ostentu·
1100 1888 1158 1957 est,
1195 1876 1199 1890 ’

151 2012 339 2081 quaerere
359 1988 396 2054 in
416 1965 539 2055 habre
559 1988 710 2054 idearum
727 1989 769 2056 sit
784 1991 880 2057 ratio.
924 1990 988 2055 Sed
1007 1990 1159 2056 hocloco
1269 1986 1286 2067 s

151 2102 379 2188 quaerendum
401 2113 469 2179 est,
494 2101 663 2188 quomodo
684 2101 773 2167 ideas
795 2125 863 2168 esse
884 2101 1083 2196 Aristoteles
1103 2101 1159 2165 iu-

154 2198 331 2281 tellexerit.
392 2213 451 2281 Est
480 2235 566 2291 vox,
607 2234 691 2299 quse
710 2214 752 2280 de
774 2213 835 2279 bac
853 2213 1005 2279 idearum
1028 2212 1160 2278 ratione

154 2326 336 2394 identidem
359 2327 446 2415 apud
468 2325 558 2391 hunc
579 2325 682 2402 redit,
713 2324 888 2394 Platonem
909 2325 1000 2390 ideas
1020 2348 1041 2391 a
1059 2325 1160 2391 rebus

155 2451 340 2526 segregatas
360 2437 475 2504 fecisse
496 2437 654 2526 (χωρίσαι,
673 2436 817 2525 postoris
837 2437 987 2524 ποιῆσαι)
1008 2449 1041 2507 ot
1060 2461 1161 2527 prae·

154 2564 207 2620 ter
227 2576 282 2620 res
295 2551 446 2641 posuisse
466 2546 569 2635 (παρὰ
592 2545 630 2623 ιὰ
650 2547 823 2637 αἰσθητά).
863 2558 912 2616 Ita
932 2552 1117 2640 metaphys.
1131 2558 1160 2618 Ι.

102 2728 105 2735 f
157 2665 190 2728 6.
213 2671 258 2729 Α.
275 2688 308 2755 p.
318 2664 380 2732 20.
403 2664 527 2730 Brand.
547 2666 659 2732 ¹XIII..
676 2661 710 2729 4.
728 2670 781 2731 Μ.
803 2688 837 2753 p·
856 2665 932 2730 266.
966 2671 1036 2731 Vll·
1054 2665 1106 2736 14,
1127 2671 1161 2730 Z.
1286 2732 1290 2746 ,

120 2764 123 2771 ’
156 2799 195 2866 p.
210 2776 282 2841 157.
295 2777 422 2844 Brund.
441 2776 513 2842 eth.
533 2774 575 2841 ad
588 2773 732 2845 Nicom.
745 2781 774 2842 ·Ι.
792 2775 823 2844 4.
846 2799 952 2864 magu.
973 2770 1060 2844 mor.
1077 2785 1107 2845 Ι.
1128 2775 1161 2846 1.
1280 2775 1282 2778 ’

157 2891 200 2956 ad
223 2889 405 2955 Eodem-I.
427 2888 459 2953 8.
472 2898 542 2959 etc·
569 2921 614 2941 -ν
656 2885 787 2972 Quibus
809 2890 921 2990 verbis
942 2887 1039 2956 facile
1058 2889 1162 2956 indu·-
1230 2897 1236 2915 ⁰

105 3001 108 3005 ’
147 3003 260 3080 carn,
287 3012 324 3067 ut
345 3001 477 3082 credas,
499 2998 714 3066 Aristotelem
733 3001 865 3068 tradere
886 3003 976 3070 ideas
995 3013 1161 3075 ,exstantes

158 3115 294 3206 praeter
314 3137 386 3192 res,
419 3133 570 3214 eamque.
581 3113 780 3183 sententiam
795 3113 984 3186 ,confirmes
998 3115 1163 3201 quodem-

157 3229 262 3298 modo
283 3252 303 3294 s
323 3225 468 3305 rationo,
490 3235 559 3310 “qua
581 3237 697 3290 contra
711 3225 798 3291 hanc
813 3239 1018 3312 segregatam
1031 3248 1050 3291 a
1064 3227 1163 3292 rebus
1284 3279 1288 3287 .

158 3319 312 3425 idearum
342 3349 494 3407 naturam
516 3337 676 3426 disputat,
716 3321 767 3405 utN
779 3338 964 3426 metaphys.
987 3345 1046 3407 111.
1066 3342 1098 3406 2.
1120 3344 1163 3408 B·
1206 3397 1211 3407 .

145 3476 196 3545 p.
211 3454 264 3520 46.
275 3451 401 3531 Brund,
444 3447 522 3534 Quo
537 3429 611 3518 loco
627 3471 731 3536 quum
745 3449 868 3544 duplex
883 3451 986 3534 ratio,
1016 3474 1081 3539 qua
1093 3477 1164 3520 esse
1216 3458 1218 3467 ’

159 3569 256 3635 ideas
277 3562 419 3655 cogitari
445 3562 567 3651 possit,
593 3561 664 3629 sive
680 3574 813 3650 praeter
833 3587 889 3632 res
905 3564 977 3632 sive
995 3563 1034 3631 iu
1056 3565 1166 3647 rebus,

108 3702 116 3715 ‘
149 3681 249 3749 iuter
264 3703 301 3744 ss
322 3687 512 3766 opponatur
533 3685 721 3760 etutraque
735 3674 926 3743 refellatur:
948 3675 1045 3744 facile
1058 3691 1166 3767 putes,

160 3792 356 3861 universam
383 3782 640 3878 disputationem
668 3809 788 3875 parum
815 3786 878 3853 sibi
900 3801 1069 3868 constare,
1101 3789 1167 3858 nisi
1247 3818 1278 3853 v

163 3909 336 3993 cogitasset
354 3899 573 3978 Aristoteles,
600 3899 691 3965 ideas
713 3912 746 3964 et
764 3896 805 3974 ¹sol
826 3899 954 3983 μεταξύ,
985 3903 1047 3968 etsi
1068 3922 1168 3988 pras-

141 4028 231 4090 ·tau.
245 4040 301 4089 sss
325 4012 468 4125 singulas
486 4003 649 4084 ,sensibus
677 4009 872 4096 subiectans,
891 4025 1004 4089 temen
1031 4012 1069 4079 in
1096 4013 1167 4102 ipsa
