2624 4680
681 321 881 389 -80,

251 493 312 561 sibi
326 480 502 567 constaret,
518 491 649 556 numeri
665 491 832 581 principes
850 502 956 557 essent
968 492 1167 581 excipiendi.
1191 488 1256 557 Sed

168 633 175 647 r
250 605 344 695 prior
372 601 475 682 ratio,
514 623 578 687 qua
607 603 640 667 i'a
662 628 743 679 τινος
762 605 920 689 ἐκμαγείου
946 605 1086 681 materia
1116 604 1256 693 capitur,
1293 636 1295 663 a

164 766 172 778 ,
251 717 337 781 sieut
356 714 466 804 prima
485 737 555 779 sese
575 714 673 780 offert
691 725 725 780 et
737 715 951 800 grammatica
965 715 1159 805 apponendi
1176 738 1257 782 rou-

177 827 185 832 ”
251 827 419 912 junctione
440 828 708 908 commendatur,
737 828 784 893 ita
814 844 951 919 propter
975 828 1257 941 praepositionem

252 942 287 1007 ix
308 939 446 1006 omnino
470 949 520 1005 est
539 939 729 1005 necessaria

169 1248 172 1253 Ι
335 1161 410 1231 Hae
430 1159 486 1231 via
503 1187 606 1252 quum
627 1177 714 1232 certa
732 1165 891 1263 quaedam
913 1163 1152 1245 invenerimus,
1175 1144 1257 1253 quae

145 1357 148 1362 Ι
251 1278 289 1347 in
309 1279 443 1344 numeri
473 1278 589 1344 idealis
619 1290 652 1343 et
677 1276 1115 1366 mathematicidifferentia
1140 1275 1258 1365 sequa·

92 1388 95 1393 ’
196 1476 201 1481 ⁵
252 1413 347 1472 mur,
367 1390 433 1473 jam
455 1391 496 1456 ad
519 1392 608 1455 locos
633 1391 714 1455 duos
736 1390 822 1457 inter
843 1414 894 1468 se,
923 1401 959 1453 ut
980 1389 1128 1466 videtur,
1157 1415 1259 1479 repu-

251 1514 389 1589 gnantes
405 1502 627 1567 accedendum
642 1514 704 1573 est;
727 1524 810 1589 quos
830 1502 858 1567 si
878 1501 915 1566 in
936 1501 1046 1589 prima
1061 1502 1132 1566 soie
1154 1504 1258 1572 collo-

253 1638 435 1695 cessemus,
462 1637 577 1679 omnes
597 1612 693 1679 facile
715 1615 849 1680 ordines
871 1615 1070 1693 turbassent,
1094 1615 1171 1701 plus
1193 1614 1259 1679 dis·

252 1727 418 1809 criminis,
437 1749 535 1813 quam
554 1725 626 1814 opis
647 1726 832 1793 afferentes.
873 1726 1050 1812 Leguutur
1074 1727 1258 1816 metaphys.

251 1839 351 1906 X111.
369 1840 401 1904 6.
419 1845 468 1923 M.
491 1861 520 1925 p.
536 1838 611 1900 271.
631 1838 755 1905 Brand.
778 1851 874 1926 atque
890 1838 986 1908 ethio.
1002 1838 1044 1903 ad
1059 1837 1258 1908 Nicomach.

250 1934 709 2020 L4.-111ehaechabet:
741 1954 772 2016 oi
801 1951 855 2034 μὲν
874 1945 928 2016 οὖν
956 1951 1146 2036 ἀμφοτέρους
1166 1954 1258 2035 φασὶν

192 2122 197 2133 ,
250 2065 328 2133 εἶναι
355 2059 429 2141 τοὺς
461 2057 614 2149 ἀριθμούς
621 2107 630 2140 ,
658 2059 713 2129 τὸν
739 2062 794 2147 μὲν
829 2066 935 2151 ἔχοντα
964 2060 999 2128 τί
1028 2061 1180 2150 πρότερον
1206 2065 1257 2131 καί

250 2174 377 2263 ὕστερον
397 2173 452 2253 τὰς
474 2174 573 2251 ἰδέας,
601 2171 653 2240 τὸν
682 2174 716 2241 δὲ
743 2176 961 2261 μὰθηματίκὸν
993 2173 1074 2260 παρὰ
1102 2176 1156 2254 τὰς
1177 2177 1257 2255 ἰδέας

251 2293 302 2358 καί
320 2289 358 2356 τὰ
377 2286 539 2399 “mitia
554 2286 604 2352 καί
618 2285 780 2373 χωριστοὺς
796 2289 983 2374 ἅμφοιέρυυς
1003 2294 1064 2355 τῶν
1079 2294 1254 2381 αἰσθητων·

250 2408 281 2469 οἰ
306 2399 389 2469 δί
360 2425 414 2467 ror·
434 2386 649 2484 μαθηματιίὁν
676 2395 768 2485 μόνον
795 2398 987 2488 ἇρίθμδν
959 2428 1037 2471 error
1063 2401 1116 2468 τόν
1136 2408 1256 2488 πρῶτον

175 2544 179 2551 ·
250 2518 312 2581 τῶν
334 2511 431 2579 ὄντων
451 2515 660 2598 κεχωριςμένον
679 2517 740 2578 τῶν
768 2517 938 2600 αἰσθητῶν
1003 2514 1118 2580 Ethica
1140 2527 1254 2581 contra

250 2628 292 2694 ud
314 2625 562 2693 Nicomachum
582 2625 609 2689 I.
626 2624 658 2687 4.
691 2630 720 2690 οἰ
738 2625 772 2692 δὲ
793 2626 968 2709 κομίσαντες
988 2624 1046 2710 τὴν
1065 2626 1160 2704 δόξαν
1179 2626 1254 2693 ταδ-

228 2726 312 2824 ‘ann
331 2737 387 2805 οὔκ
409 2740 533 2804 ἐποίουν
554 2737 637 2813 ἰδέας
656 2739 691 2803 ἐν
713 2738 759 2814 οἷς
780 2735 815 2803 τὸ
836 2733 983 2826 πρότερον
1001 2734 1053 2805 καί
1073 2735 1108 2804 τί
1131 2735 1254 2824 ὕστερον

231 2850 370 2936 ,ἔλεγον
392 2838 507 2935 ’διόπερ
538 2848 610 2915 οὐδὲ
638 2855 698 2917 τῶν
723 2850 867 2936 ἀριθμῶν
900 2851 984 2918 ἰδέαν
1018 2848 1251 2920 κατεσκεύασαν.

249 2962 314 3033 His
345 2963 433 3028 inter
460 2984 496 3027 se
522 2962 664 3043 collatis,
692 2965 852 3039 alterum,
889 2963 978 3031 ideas
1013 2987 1091 3031 eum
1120 2964 1252 3033 definiri

249 3097 449 3153 numerum,
472 3073 530 3159 qui
549 3072 667 3139 habeat
683 3075 775 3162 prius
795 3078 1029 3164 etposterius,
1050 3078 1164 3155 alteri,
1185 3102 1253 3152 nou

248 3187 341 3254 ideas
362 3186 463 3253 saetas
486 3209 623 3263 eorum,
650 3186 686 3252 in
708 3187 824 3274 quibus
846 3188 889 3253 sit
909 3190 1001 3277 prius
1024 3200 1057 3254 et
1077 3190 1252 3277 posteriue,

248 3323 386 3391 prorsus
406 3309 578 3388 repugnat·
629 3298 666 3363 Si
693 3300 783 3365 litem
812 3302 857 3367 ita
881 3301 981 3367 velles
1011 3300 1187 3383 dirimere,
1216 3314 1253 3370 nt

248 3414 322 3480 loca
343 3412 385 3478 ad
407 3400 577 3479 diversum
601 3423 772 3477 auctorem
790 3413 958 3479 traheres:
980 3424 1121 3500 uterque
1141 3427 1253 3481 tamen

250 3526 292 3592 ad
315 3548 418 3590 unam
437 3526 531 3591 illam
554 3525 803 3590 Platonicorum
828 3524 974 3591 scholam
996 3525 1198 3613 pertineret,
1217 3527 1252 3594 in

250 3659 316 3725 qua
335 3637 416 3704 haee
435 3637 609 3702 notionum
637 3638 737 3726 plane
763 3636 909 3703 inversio
930 3638 1120 3724 neutiquam
1143 3639 1253 3705 credi·

146 3816 153 3827 ,
250 3748 337 3816 bilia.
367 3802 369 3807 .
399 3747 517 3828 Adde,
545 3751 631 3837 quod
654 3750 817 3839 posterior
835 3750 928 3816 loeus
947 3750 1077 3817 Platoni
1098 3751 1252 3819 idearum

238 3860 378 3928 -auctori
403 3883 473 3927 non
501 3873 608 3951 potest
628 3864 733 3953 eripi,
760 3887 821 3930 neo
842 3863 958 3952 prior,
986 3864 1281 3953 quandoquidem·

249 3970 397 4040 Platonis
439 3972 616 4064 discipulos
650 3974 765 4043 idealie
799 3988 832 4043 et
863 3974 1087 4045 mathematici
1120 3975 1255 4045 numeri
