2624 4680
518 348 520 353 '
590 336 650 404 ·68

128 511 246 591 dendi,
281 507 575 602 appropinquandi
611 496 885 595 significationem
915 507 1021 576 abeat.
1084 508 1138 575 Sie

129 624 329 695 Aristotelea
349 623 494 711 metaph.
516 620 613 687 Vltl.
636 618 665 682 1.
689 627 735 684 H.
757 646 789 712 p.
803 621 876 688 165.
897 621 1024 688 Brund.
1044 626 1087 707 τῷ
1107 602 1156 689 di<

131 735 273 805 καθόλου
303 737 354 803 καὶ
388 739 430 819 τῷ
451 737 530 820 γένεο
555 733 607 798 καὶ
630 737 662 797 οἱ
684 733 765 799 ἰδέαι
794 729 982 800 συνάπτουσι
1002 733 1026 799 i.
1045 758 1075 798 e.
1094 735 1139 813 iio,

134 873 218 937 qnae
232 846 464 913 'communiter
485 846 657 927 dicuntur,
679 857 712 910 et
726 845 840 932 generi
859 845 951 910 ideae
966 867 1003 908 se
1024 846 1141 929 adjun-

133 975 217 1050 gunt
231 962 336 1048 iisqne
356 959 449 1046 qnasi
470 960 630 1025 nituntur.
673 959 723 1023 Ita
742 969 775 1022 et
792 968 905 1022 noetio
920 956 1006 1033 loco,
1028 956 1141 1025 siou-

133 1071 289 1140 ἇπτουοαν
319 1072 459 1158 legitur,
484 1070 613 1160 opinio
650 1070 693 1134 de
729 1068 812 1135 ideis
844 1068 1060 1154 intelligenda
1086 1081 1141 1152 eet,

136 1208 205 1251 non
228 1209 263 1250 se
285 1185 327 1249 ad
349 1203 509 1250 numeros
531 1183 729 1268 adjungens,
752 1204 821 1279 non
845 1180 886 1247 iis
906 1179 1026 1249 nitens.
1069 1181 1143 1261 Sed,

91 1342 93 1347 -
137 1298 225 1385 quod
257 1296 441 1385 repositum
461 1309 527 1372 eet,
566 1292 771 1368 συνάπτοντας
801 1304 969 1382 praestare
999 1294 1141 1361 videtur.

61 1490 65 1505 ¹
137 1412 178 1477 ln
200 1410 260 1475 illo
281 1409 371 1474 enim
392 1407 484 1472 nuile
511 1407 668 1473 orationis
692 1404 904 1472 concinnitas.
936 1403 1035 1499 ‚Quin
1057 1406 1159 1474 enim,

138 1520 194 1588 hic
216 1542 425 1607 progressus:
460 1518 730 1599 „Consideranda
751 1529 798 1583 eet
820 1516 861 1582 de
880 1515 964 1583 ideis
984 1521 1146 1586 sententia
1181 1548 1182 1553 ¹

139 1656 209 1701 non
220 1652 444 1699 numerorum
462 1641 613 1696 naturam
632 1631 843 1715 contingens,
863 1630 921 1695 sed
937 1641 971 1696 ut
991 1632 1034 1698 eb
1050 1632 1143 1699 initio
1168 1706 1171 1715 Ι

140 1756 292 1811 auctores
321 1747 519 1832 ceperunt.“
547 1774 550 1779 >
584 1741 681 1827 Quae
718 1741 783 1808 sibi
826 1765 895 1807 non
934 1718 1173 1832 respondent.x

141 1854 267 1923 Omnia
304 1877 391 1920 vero·
417 1853 505 1919 inter
539 1876 574 1921 ee
596 1848 692 1941 'quasi
722 1853 928 1943 conspirant,
960 1853 1009 1933 si,
1044 1856 1145 1922 altera

141 1968 282 2034 lectione
298 1976 446 2054 recepta,
462 1965 512 2031 ‘ita
529 1968 705 2032 constituas
723 1970 849 2034 locum:
873 1967 1160 2048 „consideranda-

42 2152 45 2157 ,
143 2081 237 2147 nobis
267 2091 316 2145 eet
342 2079 493 2145 idearum
521 2077 701 2179 eententia4
728 2081 775 2145 ita
794 2092 924 2159 tamen,
952 2092 990 2145 nt
1011 2075 1078 2146 'nos
1105 2081 1144 2146 ad

142 2215 361 2259 numerorum
398 2201 555 2287 naturam
588 2214 657 2257 non
699 2194 934 2280 adjungamus,
973 2191 1031 2258 sed
1072 2216 1146 2259 enm

143 2305 297 2371 ordinem
311 2322 505 2389 sequamur,
520 2324 618 2387 quem
632 2303 784 2371 idearum·
797 2312 990 2371 auct01·ee.“·
1006 2305 1145 2373 Etiamsi

142 2410 345 2493 συνάπτοντας
366 2416 477 2501 legens
499 2413 644 2494 dubites,
665 2428 778 2484 utrum
793 2418 1000 2485 intransitive
1016 2418 1145 2485 dictum

144 2527 248 2616 accipi
267 2549 315 2592 an
331 2520 385 2591 aiv
398 2520 487 2612 λόγον
508 2527 562 2591 vel
581 2527 646 2592 tale
661 2516 740 2616 quid
754 2542 865 2596 mente
882 2531 1030 2621 suppleti
1047 2530 1155 2623 p1·ae-·

145 2650 223 2705 etet:
260 2646 388 2715 tamen,
417 2637 577 2723 quidquid
602 2652 667 2719 est,
696 2642 773 2708 satia
799 2628 920 2727 liquet,
949 2643 1036 2711 nihil
1056 2645 1146 2712 eliud

146 2770 233 2830 esse,
258 2750 321 2816 nisi
340 2741 527 2839 disputandi
553 2749 688 2819 initium
713 2756 1151 2843 eape1·e‚eet1tentiaesnn-.

88 2906 90 2910 -
145 2854 338 2930 dementum
372 2862 488 2944 jacere·
552 2865 629 2930 Hoc
649 2866 764 2952 itaque
786 2866 895 2933 solnm
921 2880 1077 2952 cavetur,
1103 2886 1145 2939 ne

145 2975 218 3062 quia
241 2975 454 3039 Platonema
482 2979 631 3044 numeris
657 2979 697 3044 ad
733 2978 823 3043 ideas
859 2980 1005 3048 delatum
1036 2996 1146 3070 putet5

33 3116 36 3122 ¹
143 3087 238 3153 Plato
258 3096 389 3166 contra,
411 3097 448 3151 ut
469 3089 598 3176 saepius
621 3089 779 3180 (metaph.
797 3091 822 3155 1.
837 3091 869 3158 6.
890 3099 932 3159 A.
952 3095 1049 3182 p.20.
1071 3096 1145 3175 Be.)

144 3198 312 3267 dialectica
332 3197 389 3289 via
406 3197 447 3265 ad
467 3196 556 3264 ideas
576 3204 765 3289 pervenisse
786 3202 997 3291 significetur.
1032 3209 1146 3276 Pleto-

142 3312 195 3378 nie
211 3334 291 3377 vero
308 3308 535 3398 discipuloe'in
552 3311 633 3379 ideis
647 3317 825 3381 etatnendie
841 3319 882 3383 ab
897 3317 958 3383 hac
976 3320 1146 3391 dialectice

141 3423 197 3490 vie
212 3425 253 3490 ed
275 3446 493 3489 numerorum
512 3426 808 3495 considerationem
826 3429 1016 3512 descivisse,
1037 3436 1143 3503 eloco

140 3534 386 3621 quodammodo
408 3538 548 3623 colligas.
595 3535 692 3624 Quae
712 3563 814 3627 quum
831 3542 877 3608 ite
897 3543 979 3624 sint,
1011 3553 1142 3613 tantum

139 3646 249 3725 eb'est,
277 3658 314 3712 ut
333 3646 415 3713 haec
432 3638 637 3751 repugnent,
666 3661 703 3717 nt
723 3653 894 3736 ordinem,
917 3676 1017 3742 quem
1038 3659 1142 3727 secuti

137 3778 270 3839 sumus,
291 3757 501 3828 confirment.
807 3772 810 3777 '

220 3862 319 3939 Alina
336 3872 436 3952 locus,
457 3872 514 3960 qui
530 3875 571 3939 ad
589 3898 748 3944 numeros
766 3877 807 3941 ab
828 3877 910 3963 ideis
931 3879 1148 3955 amoliendon.

131 3981 282 4051 adhiberi
301 3983 420 4074 possit,
446 3985 565 4075 iegitur
586 3990 652 4057 eth.
668 3992 723 4093 'ad
743 3990 875 4059 Nicom·
896 3991 1031 4099 1247·-
1047 3998 1078 4061 ot
1099 3993 1136 4065 di
