2624 4680
717 312 760 380 96

236 486 284 552 ita
311 485 454 572 accepti,
490 496 526 549 ut
554 483 647 550 ideas
679 504 781 571 supra
816 479 906 547 huno
940 500 1056 547 rerum
1088 479 1244 546 ordinem

127 608 129 613 “
237 598 366 653 evectas
385 586 427 653 ad
456 597 545 650 certa
567 584 729 670 quaedam
757 594 789 648 et
810 604 956 669 congrua
969 583 1074 668 ‘signa
1096 581 1242 646 adstrin-

236 700 330 776 geret
351 699 384 752 et
398 686 440 752 iis
456 683 561 752 menti
576 685 747 750 stabiliret.
762 719 804 732 -
819 719 860 731 -
881 684 916 748 Si
931 685 1004 770 quis
1019 683 1136 750 videre
1150 683 1243 766 velit,
1297 763 1300 767 ἢ

238 791 408 879 quomodo
422 787 554 855 numeri
569 786 714 867 Platonis
729 785 875 852 scholam
885 786 1134 873 occupaverint,
1149 786 1244 852 adeat

142 929 144 933 ν
221 891 427 979 ¹apinomin,
457 888 588 953 Platoni
616 900 704 953 certe
732 888 860 953 auctori
887 884 1150 969 abjudicairdam.
1193 888 1243 953 lbi

238 1005 351 1059 autem
372 991 506 1058 numeri
530 989 630 1076 magis
647 990 684 1055 in
706 988 934 1057 astronomicis
961 991 1243 1056 rationibusver-

217 1090 371 1165 ‚santur
400 1104 432 1159 et
469 1074 615 1157 osterum
659 1092 797 1156 obscure
847 1098 974 1155 tantum
1017 1092 1243 1178 significantur

240 1195 284 1281 (p.
301 1193 376 1286 99l.
397 1217 443 1279 sq.
460 1192 597 1281 Steph.).
641 1192 678 1257 Si
699 1191 855 1259 universa
875 1215 1096 1265 numerorum
1117 1196 1204 1261 ratio
1225 1219 1244 1262 a

240 1295 379 1362 Platone
399 1296 509 1375 minus
530 1296 655 1372 aliena,
677 1295 799 1360 distant
820 1305 908 1358 certe
928 1294 985 1378 qui
1006 1295 1046 1358 ab
1062 1295 1245 1363 Aristotele

239 1399 419 1483 traduntur
441 1401 572 1464 numeri
599 1397 767 1484 asingulis
795 1396 861 1462 illis
881 1395 917 1461 in
939 1395 1087 1485 epinomi
1118 1399 1245 1487 signifi-

241 1499 424 1570 cationibus
448 1521 554 1587 prope
577 1510 615 1564 ut
636 1487 712 1566 aera
733 1498 867 1588 lupinis.

250 1670 254 1684 ¹
294 1686 296 1688 Ι
326 1589 495 1668 Hacte'nus
517 1600 652 1685 quidem
674 1601 768 1666 ideae
782 1613 814 1667 et
827 1598 979 1677 numeri,
1001 1602 1112 1688 quales
1132 1627 1195 1692 per
1209 1629 1244 1672 ao

172 1731 175 1737 “
240 1716 318 1771 sunt
339 1704 458 1769 statuti·
516 1701 612 1787 Quae
633 1704 821 1778 attulimus,
848 1702 1025 1781 sufficient,
1054 1728 1172 1791 sper0,
1195 1710 1246 1775 illi

155 1805 156 1812 '
240 1804 314 1870 loco
330 1805 545 1892 explicando,
561 1827 661 1889 quem
678 1805 772 1870 initio
787 1805 1023 1890 sequebamur,
1046 1828 1143 1893 aquo
1160 1818 1246 1897 pau-'-

240 1905 348 1971 lulum
370 1903 544 1971 deflectere
564 1906 706 1972 instituti
727 1908 812 1971 ratio
833 1906 925 1989 jussit
947 1909 1103 1995 (metaph.
1117 1912 1142 1975 Ι.
1159 1913 1190 1975 6.
1204 1919 1246 1979 Α.

173 2009 177 2015 ’
240 2029 274 2095 p.
284 2005 337 2071 20.
358 2014 430 2093 sq).
471 2007 581 2072 L‘ocus
604 1995 688 2073 nihil
708 2008 828 2093 reliqui
848 2008 941 2086 lacit,
970 2033 1065 2096 quam
1090 1996 1247 2099 aliquam,

243 2103 411 2194 quomodo
434 2110 505 2198 ipsa
524 2112 688 2176 elementa
712 2111 880 2176 aPlatone
902 2133 979 2176 cum
1002 2112 1088 2176 bono
1103 2125 1136 2178 et
1156 2116 1245 2180 malo

242 2210 415 2290 conjuncta
460 2211 544 2293 sint,
589 2213 950 2280 commemorationem.
1024 2213 1120 2297 Quae
1166 2240 1247 2304 per·

240 2315 410 2378 tractanda
432 2326 490 2381 est.
532 2316 571 2379 ln
594 2314 731 2398 dialogis
752 2315 830 2378 boni
854 2326 885 2378 ct
904 2316 984 2379 mali
1007 2317 1247 2413 quaestionnon

135 2478 136 2482 ,
208 2494 209 2498 ¹
240 2435 373 2501 semper
394 2415 434 2478 ad
467 2439 595 2492 summa
624 2416 853 2504 philosophiae
876 2416 1038 2504 principia
1066 2428 1135 2482 tam
1157 2431 1247 2487 arcte
1284 2503 1288 2510 ἡ

240 2530 393 2587 revocata
413 2530 475 2597 est,
496 2535 595 2604 quam
614 2518 654 2582 ab
671 2518 850 2609 Aristotele
871 2519 1052 2583 memorias
1064 2522 1247 2607 proditum.

215 2618 281 2684 'In
303 2641 368 2710 quo
391 2619 525 2704 quidem
554 2621 750 2699 dolendum,
785 2620 894 2684 minus
922 2621 1018 2685 nobis
1046 2623 1247 2704 testimonia,

241 2742 341 2806 quam
363 2722 485 2788 indicia
499 2736 574 2800 'esse
596 2722 718 2787 relicta.
761 2722 824 2786 Sed
848 2745 890 2786 ex
910 2722 962 2786 his
984 2723 1090 2812 parcis
1113 2747 1246 2812 qnoque

241 2824 384 2909 vestigiis
413 2825 559 2888 Platonis
591 2825 768 2898 sententiae
794 2823 990 2910 imaginem,
1021 2827 1148 2892 etiamsi
1176 2853 1246 2894 non

240 2926 403 3013 perficere
426 2927 607 3015 poscimus,
642 2937 752 2991 tamen
782 2928 1102 3008 tentaredebemus.
1146 2929 1247 3013 Quo-

240 3028 343 3118 modo
372 3027 453 3093 haec
487 3027 633 3113 quaestio
666 3028 811 3092 instituta
843 3029 900 3107 sit,
923 3028 1078 3094 ‘declarat
1110 3032 1203 3097 locus
1226 3058 1247 3100 ε

240 3117 349 3215 magn.
371 3153 457 3199 mor.
480 3131 505 3195 l·
523 3129 553 3194 1.
588 3127 689 3210 „path
709 3133 804 3192 ταῦτα
825 3128 859 3194 δὲ
881 3125 1013 3195 Πλάτων
1034 3132 1163 3199 ἀνείλετο
1187 3132 1246 3220 τὴν

241 3231 342 3317 ψυχὴν
361 3236 405 3308 εἰς
426 3257 459 3298 τε
478 3227 627 3317 τάλόγαν
648 3232 715 3316 ἕχον
742 3231 793 3295 καὶ
816 3225 859 3307 eii
888 3228 923 3295 τὸ
944 3228 1054 3316 ἀλαγον
1081 3235 1137 3319 (cf.
1160 3237 1245 3306 l'lat.

226 3319 313 3423 rep.
331 3333 410 3414 lv.)
426 3333 536 3421 ’ὀρθῶς
556 3336 607 3400 καὶ
625 3332 779 3398 ἀπέδωκεν
798 3330 925 3397 ἑκάστου
945 3332 1052 3416 ἀρετὰς
1071 3335 1247 3424 προςηκού.

166 3446 168 3449 ’
241 3458 311 3513 σας·
331 3439 416 3521 pappi
438 3439 494 3522 μὲν
514 3434 567 3503 οὖν
587 3431 697 3502 τούτου
719 3432 831 3509 καλῶς·
853 3431 928 3518 μετὰ
950 3440 1165 3517 μέντοιτοῦτο
1187 3442 1245 3508 οὐκ

242 3535 289 3602 i'u
304 3536 426 3618 ὀρθῶς·
448 3534 504 3620 τήν
524 3539 578 3624 γὰρ
599 3539 710 3632 ἀρετὴν
728 3543 883 3619 κατέμιξεν
904 3543 946 3614 εἰς
966 3535 1023 3622 τὴν
1038 3550 1244 3628 πραγματείαν

240 3635 297 3722 τὴν
324 3635 402 3724 ὑπὲρ
431 3645 486 3704 τοῦ
513 3640 645 3724 ἀγαθοῦ.
687 3639 723 3711 ot
755 3639 793 3722 δὴ
823 3640 937 3724 ὀρθῶς.
980 3641 1017 3708 οὗ
1043 3640 1098 3730 γὰρ
1119 3649 1244 3713 οἰκεῖον.

240 3737 318 3826 ὕπερ
344 3740 399 3826 ’γὰρ
436 3748 496 3808 τῶν
529 3741 624 3809 datur
657 3746 709 3809 καὶ
742 3742 893 3827 ἀληθείας
929 3746 1055 3831 λέγοντα
1090 3746 1145 3828 οὐκ
1179 3748 1246 3816 ἔδει

239 3839 318 3928 iniq
351 3844 459 3931 ἀρετῆς
486 3843 623 3929 φράζειν·
660 3842 822 3931 οὐδὲνγὰρ
851 3847 946 3931 τούτῳ
974 3849 1100 3934 κάκείνῳ
1128 3850 1243 3918 καινόν.

238 3944 398 4016 Patricius
420 3948 555 4036 quidem
575 3945 613 4015 in
634 3948 768 4016 discuss.
788 3936 961 4039 peripat'et.
983 3951 1044 4016 111.
1067 3951 1098 4016 7.
1119 3976 1154 4047 p.
1166 3953 1244 4038 358,
