2624 4680
720 272 946 406 100·ι

244 502 418 590 videntur,
458 506 561 573 modo
594 508 774 577 retinueris
809 511 975 598 vulgatam
1007 510 1185 578 lectionem
1213 507 1255 586 ὥς

199 609 379 677 ’,ἐναντίον
401 603 455 688 ἔν’,
476 603 584 695 ἐπειδή
600 622 681 690 etc,
707 624 747 676 ut
767 611 884 678 existat
905 615 1080 680 sententia:
1125 613 1252 694 „Unde

227 699 276 775 'et
303 709 354 775 illi
390 709 450 774 uni
481 710 610 809 bonum*
642 712 807 798 assignare
842 715 965 783 noluit.
998 717 1091 801 quod
1124 713 1252 781 rationi

243 809 451 902 contrarium
479 811 539 886 sit,
575 810 795 876 multitudinis
828 822 982 901 naturam
1012 834 1081 876 esse
1108 816 1248 891 malum,

243 932 347 997 quum
376 910 460 977 nihil
488 933 597 996 neque
624 911 735 996 itaque
763 911 874 999 ipsum
904 911 1028 977 bonum
1051 913 1125 978 fieri
1149 916 1252 1002 possit

240 1013 307 1079 nisi
335 1012 509 1079 contrariis
536 1011 569 1076 h.
589 1034 618 1076 e.
648 1014 795 1080 multis.“
849 1013 944 1098 Quae
978 1016 1067 1080 inter
1103 1038 1138 1080 se
1167 1039 1250 1081 oon-

240 1127 396 1182 sentanea
424 1138 494 1180 non
524 1111 621 1181 facile
643 1116 836 1205 depromas,
862 1116 907 1197 si,
937 1117 1025 1202 quod
1054 1117 1251 1184 Brandisius

239 1216 382 1305 recepit,
418 1217 556 1303 legitur,
585 1212 626 1309 ᾧς
641 1217 809 1304 ’ἀναγκαῖον
832 1215 884 1300 ὅν,
914 1220 986 1285 ἐπεὶ
1006 1217 1050 1284 δ’.
1072 1255 1115 1271 -
1153 1221 1249 1286 Haec

240 1318 455 1407 e'Speusippi
484 1318 657 1407 disciplina
693 1343 859 1386 arcessere
888 1343 907 1385 a
936 1344 975 1386 re
1004 1342 1071 1385 non
1099 1322 1248 1387 alienum

239 1443 309 1486 esse
329 1423 501 1495 duximus,
530 1433 567 1486 ut
587 1422 628 1488 iis
649 1421 795 1487 Platonis
817 1423 976 1488 sententia
997 1423 1245 1512 quodammodo

234 1534 272 1589 et
293 1524 549 1591 confirmaretur
570 1535 602 1588 et
621 1523 855 1589 illustraretur.
1013 1519 1021 1527 ’

345 1619 557 1714 Ita'quidem
584 1625 717 1693 Platoni
745 1648 914 1693 summum
944 1626 1133 1695 ethicorum
1169 1653 1247 1698 oum

236 1754 370 1797 summo
405 1742 542 1797 naturae
572 1730 738 1819 principio
771 1731 948 1797 coaluerat.
1011 1729 1126 1813 Quare
1164 1745 1246 1815 erat,

237 1835 325 1920 quod
363 1832 559 1899 Aristoteles
597 1855 616 1897 e
650 1841 806 1917 quatuor,
849 1855 928 1918 quas
965 1832 1090 1922 posuit,
1137 1837 1246 1900 causis

238 1934 445 2024 (metaphys.
469 1935 501 2013 I,
521 1936 551 1999 3.
576 1940 619 2000 A.
640 1958 674 2022 p.
691 1935 721 1998 9.
744 1935 905 2019 Brand.),
943 1935 977 2001 cd
1000 1928 1037 2001 οὗ
1065 1939 1168 2014 ἕνεκα,
1205 1937 1244 2004 in

237 2061 305 2124 quo
334 2037 432 2102 liberi
458 2036 588 2101 consilii
610 2048 649 2100 et·
674 2035 838 2102 humanae
865 2036 1043 2100 voluntatis
1061 2037 1147 2101 ratio
1165 2061 1247 2103 rer-

231 2151 342 2217 'satur‚
373 2140 545 2204 aPlatone
569 2138 678 2203 minus
701 2149 881 2208 tractatum·
897 2139 1119 2224 vituperaret,
1157 2141 1245 2206 sicut

210 2254 270 2308 ,et
295 2239 329 2305 td
359 2236 437 2306 ὅθεν
464 2238 485 2326 ἦ
514 2238 589 2325 ἀρχὴ
620 2245 674 2321 τῆς
703 2237 846 2324 κινήσεως
874 2239 910 2304 in
939 2241 1007 2322 ejus
1029 2239 1244 2329 philosophia

119 2416 123 2435 1
236 2343 444 2409 desiderabat
473 2336 535 2427 (cf.
565 2343 751 2428 metaphys.
786 2346 819 2422 l,
848 2343 879 2405 6.
909 2349 952 2407 A.
980 2366 1012 2430 p.
1025 2342 1079 2406 21.
1112 2343 1242 2409 Brand.

234 2447 331 2536 phys.
354 2445 445 2510 11.3.
464 2443 524 2523 7.).
574 2442 756 2529 Utriusque
785 2443 929 2509 notionis
958 2457 1103 2509 mentem
1137 2448 1243 2531 magis

235 2549 404 2634 magisque
428 2545 490 2609 sibi
520 2546 685 2609 consciam
706 2545 826 2609 factam
852 2568 938 2624 esse,
970 2545 1145 2611 Aristoteli
1166 2570 1243 2612 ma-

192 2723 196 2734 .
230 2652 326 2716 ¹xime
346 2647 557 2735 philosophia
579 2659 748 2732 acceptum
772 2644 886 2711 refert.
942 2644 1020 2729 Quo
1049 2653 1081 2711 et
1102 2660 1243 2715 naturae

234 2763 267 2818 et
282 2751 375 2816 -vitae
398 2749 636 2836 principiorum
661 2749 852 2813 discrimine
874 2758 1014 2824 statum,
1037 2748 1186 2815 discessit
1209 2762 1241 2815 et

233 2865 372 2921 naturae
393 2852 566 2916 necessitas
588 2863 620 2916 et
640 2849 783 2914 hominis
805 2850 956 2925 libertas,
987 2849 1127 2917 durnin
1148 2875 1243 2917 surn-

233 2978 290 3022 mo
313 2955 406 3019 fonte
427 2954 462 3017 in
485 2965 631 3016 mutuam
657 2937 807 3017 redirent
833 2950 1038 3031 societatem.

215 3100 218 3109 ·
328 3056 401 3120 Jam
432 3055 516 3126 sieut
545 3077 646 3142 supra
674 3054 828 3139 physica,
858 3051 902 3116 ita
925 3050 980 3115 hic
1004 3051 1127 3132 ethica,
1158 3078 1242 3141 qua-

232 3169 327 3223 tenus
355 3181 374 3221 e
402 3180 532 3221 summa
568 3168 600 3219 et
629 3156 784 3219 universa
818 3151 1029 3241 philosophia
1073 3170 1241 3233 emanant,

233 3249 420 3344 attigimus.
455 3258 609 3345 Singulae
632 3277 712 3321 vero
734 3253 961 3344 philosophiae
982 3267 1092 3343 partes
1115 3257 1156 3321 ab
1179 3259 1242 3323 hoc

233 3362 383 3428 instituto
409 3372 523 3426 nostro
545 3359 755 3439 remotiores,
777 3370 812 3422 ut
831 3359 898 3441 jam
920 3358 961 3423 ab
979 3358 1059 3447 ipsis
1079 3358 1242 3427 limitibus
1271 3393 1274 3409 ·

232 3467 353 3556 pedem
374 3463 503 3537 referre
521 3463 704 3548 jubeamur.
753 3532 758 3546 .
