2624 4680
546 306 626 382 312.

86 475 339 545 Αιιιιιιιιιι
353 422 500 545 Platonis
519 434 753 569 philosophiae
767 478 949 568 originem
947 483 1076 555 aeriter

64 600 276 689 perspectam
297 589 447 660 habehat
490 593 584 660 Siout
604 594 696 684 enim
714 593 831 663 nihils
820 616 858 663 ιιι
876 592 944 660 vita
959 560 1078 661 solita-

63 702 175 783 rium,
204 702 251 769 ita
271 711 304 770 et
324 701 360 770 in·
375 703 614 803 philosophiae
634 678 770 773 historia
790 705 883 772 nulla
911 707 1098 787 tententiae

64 816 208 883 existere
241 813 343 903 solet,
385 816 479 883 omni
513 814 656 885 aliarum
691 815 894 885 commercio
935 816 1075 895 seclusa.

65 910 361 1013 Quemadmoclum
382 927 562 1016 unicnique
583 929 632 997 ab
643 941 754 1013 aetate
774 950 833 1031 sna
855 926 985 997 semina
1003 938 1074 996 tra·
1112 956 1116 964 ·

64 1039 192 1115 duntur
221 1051 255 1107 et
279 1039 419 1130 proprie
447 1042 626 1112 animanda
654 1051 688 1107 et
715 1022 830 1112 latius
844 1030 1071 1141 propaganda,

30 1131 35 1143 ⁸
64 1152 111 1225 sic
130 1163 168 1226 ιι,
181 1151 331 1223 Platonis
357 1152 580 1244 philosophie
587 1176 656 1225 non
684 1152 896 1267 apriorihus
922 1154 1074 1244 philoso-

10 1312 14 1326 ι
63 1262 140 1353 phis
155 1266 280 1344 avulm,
299 1265 356 1333 sed
375 1289 419 1334 ex
435 1265 487 1332 his
507 1264 601 1353 quasi
620 1278 715 1334 enata
730 1258 798 1348 est,
818 1267 864 1332 ita
878 1255 1002 1346 lamen,
1016 1277 1071 1349 ut,

62 1400 162 1464 quae
164 1378 220 1445 ¹vel
241 1378 282 1444 ab
303 1398 369 1445 nna
389 1387 517 1445 tantum
546 1388 652 1470 parte
660 1377 716 1446 vel
743 1379 874 1449 diversa
897 1399 917 1444 a
926 1376 1071 1472 diversa

62 1500 159 1577 parte
170 1492 343 1581 proposita
363 1494 543 1580 acceperit,
563 1489 611 1576 in
622 1478 792 1561 ιιοιιοιιιιιι
808 1467 916 1578 magis
929 1462 1072 1565 univol-

39 1624 137 1669 ,ιιιι
157 1603 461 1693 susciperetehque
479 1586 501 1671 e
516 1626 628 1694 pugna
650 1603 881 1682 concordiam,
902 1625 923 1669 e
943 1602 1071 1670 discre-

62 1714 177 1802 pantia
216 1727 415 1803 concentum
448 1717 610 1807 gigneret.
669 1717 719 1784 lta
747 1736 883 1811 eorum,
913 1739 1070 1805 qnaeex
1084 1708 1088 1714 ’

62 1825 136 1892 aliis
156 1839 376 1916 conceperat,
411 1841 489 1899 suos'
514 1828 602 1895 hidit
635 1825 775 1895 fructus.
839 1829 958 1898 Paucis
986 1830 1073 1924 haec

63 1938 261 2007 Aristoteles
281 1927 422 2013 indicate
463 1941 543 2008 Post
562 1940 819 2035 Pythagoricum
839 1941 986 2011 Platonis
1006 1964 1069 2009 cx-

62 2051 194 2131 stitisse
202 2051 469 2175 philosophiam.
519 2053 694 2130 Platonem
722 2053 873 2142 aprima
898 2053 1069 2135 inventute

62 2154 234 2253 cratylo
221 2188 321 2232 usum
339 2177 373 2233 et
393 2164 592 2232 Heracliteis
612 2165 797 2247 sententiis,
818 2164 950 2243 omnia,
982 2186 1068 2252 quae

10 2278 15 2285 '
59 2275 126 2346 suh·
150 2300 263 2344 sensus
289 2278 424 2360 cadant,
463 2258 570 2347 fluere
597 2299 660 2344 nee
688 2287 815 2345 certam
849 2300 967 2349 aarum
996 2300 1067 2344 esse
1120 2261 1130 2281 ’

60 2388 249 2469 scientiam,
268 2390 485 2483 pssuefaetum
502 2413 588 2472 esse,
609 2411 630 2456 a
644 2390 780 2469 Socrate
796 2401 910 2458 contra
930 2389 974 2459 de
989 2410 1067 2456 mo·

58 2501 153 2569 ribus
182 2515 361 2590 quaerente
388 2501 486 2590 atque
514 2503 685 2572 communi
702 2588 703 2591 Ἴ
720 2505 858 2571 notione
886 2501 1066 2597 definiente

58 2614 222 2703 generalis
257 2615 402 2704 notionis
441 2627 496 2682 et‘
516 2613 718 2685 delinitionis
757 2616 859 2683 fide‘m
892 2614 1065 2704 accepisse·
1093 2625 1114 2712 ⁸„

57 2725 159 2792 Unde
178 2726 353 2794 Platonem
373 2722 456 2803 haec'
474 2730 563 2796 inter
589 2752 624 2794 se
646 2727 812 2795 contraria
832 2728 1065 2795 conciliantem

57 2839 99 2904 ad
122 2839 213 2905 ideas
232 2840 423 2928 pervenisse
438 2841 644 2917 statuendas,
665 2850 702 2906 ut
716 2851 797 2905 esset
813 2839 947 2926 quidem
968 2861 1065 2906 com-

56 2949 170 3018 munia
192 2950 339 3018 delinitio
367 2967 429 3018 nec
456 2942 582 3019 tamen'
595 2954 636 3018 ad
658 2975 712 3019 res
733 2952 882 3019 sensibus
902 2951 1062 3034 subiectas
1093 2993 1106 3036 s
1208 2942 1211 2952 ¹

55 3053 250 3152 pertineret
274 3065 329 3155 cl.
351 3077 384 3131 et
404 3065 487 3151 ΧΠ.
507 3063 541 3130 4.
563 3071 620 3162 Μ.
649 3061 680 3154 p.
693 3066 768 3128 265.
789 3065 922 3131 Brend-
965 3064 1061 3137 Plato

54 3175 168 3263 itaqua
201 3165 376 3273 Heracliti
398 3175 651 3267 philosophiae
673 3175 790 3255 rebus,
831 3198 915 3263 quae
947 3197 1062 3263 sensnp

54 3286 183 3355 feriunt
190 3334 201 3371 ,
227 3289 414 3441 repulsus,
423 3311 444 3354 a
462 3286 599 3404 Socrate
610 3287 862 3429 pd'generalip
889 3288 1062 3421 adductus,
1164 3294 1167 3305 “
1263 3264 1281 3369 μ,

124 3573 235 3616 morans
198 3512 441 3630 shrupnlum,
463 3544 499 3619 an
523 3561 682 3620 Aristotelis
708 3563 745 3620 alt
767 3518 855 3632 h'her,
879 3518 1063 3645 έιιιιιιιιὶιιι

69 3698 74 3705 ,
123 3646 279 3714 antiquitus
296 3649 463 3704 insidentem
477 3641 692 3720 haudquaquam
707 3657 849 3705 exentera
865 3649 983 3704 indicate
1000 3668 1061 3731 non

67 3792 70 3801 ¹
123 3731 246 3785 alienum
260 3735 314 3789 erit
329 3748 474 3800 ιιιιιιιιιι,
494 3735 584 3788 hune
582 3738 710 3803 primum
718 3734 841 3800 librum
859 3735 995 3805 (lignem
992 3723 1060 3791 eane

75 3838 83 3845 ·
123 3823 203 3869 tanto
234 3820 310 3883 viro,
342 3819 397 3886 iam
420 3821 455 3874 ab
478 3818 642 3877 Alexandro
666 3819 881 3890 Aphrodisieusi
909 3821 1059 3878 Aristoteli

120 3901 212 3965 ιιιιιιιι
227 3900 380 3960 renonibus
395 3905 641 3961 suessoniensem
656 3907 693 3962 cs.
707 3906 792 3964 Alex·
807 3919 909 3963 marn·
924 3908 956 3962 ιιι
970 3905 1057 3962 ubres

120 3986 149 4045 ιι.
164 3991 246 4058 prim.
262 3989 332 4057 phil.
346 3993 462 4061 inceps.
479 3990 636 4061 Sapulreda
651 3989 703 4049 fol.
718 3995 763 4050 32.
778 3992 807 4049 h.
822 4007 872 4047 eo.
885 3988 931 4047 29.
