2624 4680
659 308 682 375 2
791 343 793 348 r

168 491 365 552 consensum
394 477 599 566 negligerent
618 477 673 544 vel
701 477 735 544 in
757 471 905 542 Platords
932 471 1092 570 sententia
1113 471 1172 540 dc-

169 595 315 665 finien'da
343 591 450 657 otium
486 589 548 656 sibi
577 589 701 672 facturn
729 611 798 655 esse
825 585 1016 666 crederent,
1050 596 1112 650 aut
1136 594 1189 650 ut¹¹

168 719 289 775 tectam
309 703 476 792 quandam
495 701 530 768 in
546 701 688 789 ,dialogis
711 697 987 766 dissimulantium
1009 699 1064 763 vel
1080 695 1172 762 timi-

39 886 48 900 ,
169 820 246 885 dam
284 837 384 882 veras
423 812 604 878 sententiae
638 835 716 878 suaa
754 810 1009 879 occultationem
1026 807 1172 875 'Platoni

168 927 381 1014 effingerents
423 925 546 991 horum
582 935 671 989 certe
715 923 800 988 ratio
837 922 936 1008 digna
972 920 1054 1007 luit,
1089 941 1172 1007 quae

143 1097 144 1100 ,
168 1039 289 1110 acriter
311 1035 534 1122 castigaretur.
591 1032 694 1101 Missa
715 1033 776 1099 hac
798 1032 981 1119 inveterate
1014 1032 1172 1123 opinione

125 1192 127 1199 ,
167 1172 270 1238 quum
294 1147 386 1212 Plato
406 1147 579 1214 ePlatone
599 1145 737 1234 intelligi
756 1128 962 1222 auderetur,
983 1148 1079 1212 unitas
1098 1151 1172 1211 ma·

168 1261 260 1346 xime
282 1257 348 1325 viri
370 1259 516 1326 acumini
534 1271 566 1325 et
587 1259 752 1346 sagacitati
772 1257 923 1343 contigit,
943 1268 980 1323 ut
999 1256 1117 1324 intima
1138 1269 1170 1324 et

73 1374 80 1383 “
168 1371 352 1441 necessaria
364 1370 512 1436 Platonis
531 1371 740 1457 dialogorum
762 1369 949 1454 conjunctio
963 1369 1168 1459 perspicere·
1215 1367 1219 1379 “

167 1494 240 1563 tur,
255 1485 353 1569 aitque
373 1493 411 1546 ut
430 1483 475 1549 ita
489 1481 636 1570 singulae
655 1483 801 1551 Platonis
820 1484 1017 1563 sententiae,
1036 1496 1170 1571 sparsae
1223 1538 1226 1547 .

168 1606 264 1664 antea
281 1594 340 1661 -vel
359 1593 468 1661 alieno
488 1595 622 1662 vinculo
641 1618 807 1671 annexae,
830 1593 889 1661 uui
909 1593 1039 1661 formae
1058 1605 1092 1658 et
1108 1616 1168 1659 suo

41 1793 43 1798 .
166 1707 279 1775 ordini
296 1704 528 1774 redderentur.
570 1707 635 1772 Sed
656 1707 723 1774 viri
738 1707 843 1784 docti,
867 1706 948 1772 dum
963 1705 1092 1793 egregia
1107 1705 1170 1771 hac

164 1816 312 1909 Platonis
347 1814 492 1904 imagine
513 1819 716 1892 delectantur
744 1842 886 1907 eamque
913 1819 956 1885 ad
984 1817 1169 1885 absolutam

165 1931 331 2017 quandam
351 1940 384 1994 et
403 1931 542 2018 politam
563 1931 800 2022 perlectionem
820 1931 1003 2022 perducere
1025 1931 1114 2027 inter¹
1133 1955 1169 2000 ss

166 2052 309 2130 cenant,
342 2040 411 2124 jam
432 2044 468 2111 in
488 2045 690 2111 contrariam
712 2043 874 2110 inclinant
894 2053 1042 2132 partem,
1070 2056 1108 2110 ut
1129 2044 1167 2112 in

165 2157 267 2224 solius
293 2136 447 2223 'Platonis
487 2156 618 2248 scriptis
655 2154 881 2243 acquiescant,
916 2156 1046 2238 omnia,
1083 2178 1168 2245 quse

159 2269 297 2360 'praeter
321 2251 405 2338 haec
437 2266 479 2335 de
507 2253 578 2353 ejus
605 2247 774 2336 sententiis
801 2267 972 2356 leguntur,
1002 2264 1168 2358 ¹tanquam

164 2378 390 2469 posteriorum
418 2363 605 2449 commenta
626 2393 848 2481 aspernantes
874 2415 918 2432 -
948 2379 1015 2448 Sed
1036 2383 1168 2454 diversa

112 2488 114 2492 ’
164 2502 243 2557 suut
262 2491 446 2562 adulterina
465 2496 708 2583 posteriorum,
728 2496 858 2561 diversa
873 2493 1020 2582 genuina
1041 2478 1168 2584 aequa-
1191 2555 1193 2559 ,

162 2603 248 2672 limn
267 2602 465 2672 testimonis.
492 2601 599 2673 Aliud
615 2618 663 2674 est
675 2630 828 2674 arcanam
842 2607 1007 2695 quandam
1022 2620 1167 2677 statuere

162 2700 424 2806 philosophiam,
457 2718 592 2808 ‚populo
639 2719 821 2802 occlusam,
865 2717 993 2787 intimis
1033 2732 1164 2793 uatum

163 2827 332 2919 discipulis
367 2827 462 2916 quasi
497 2852 559 2918 per
588 2854 706 2917 manus
731 2832 912 2914 ordinm:
949 2830 1040 2900 aliud
1071 2850 1163 2905 certe

163 2939 290 3007 scholas
311 2963 380 3006 esse
407 2938 551 3020 habitas,
581 2943 642 3011 etsi
666 2967 735 3012 non
758 2944 801 3011 ab
821 2945 910 3035 ipsc,
938 2956 1049 3014 tamen
1068 2972 1090 3016 a
1108 2951 1162 3017 di-

162 3049 299 3149 scipulis¹
314 3052 420 3120 literis
440 3054 609 3121 mundatas
628 3069 664 3122 et
688 3057 725 3123 in
748 3058 867 3146 vulgus
895 3057 1037 3128 emissas.
1080 3048 1160 3148 Qud

122 3158 125 3162 “
159 3163 330 3253 pertinent
341 3162 460 3252 dyonea
473 3160 608 3255 δόγματα
619 3161 663 3234 ¹ab
675 3167 855 3235 Aristotele
867 3170 999 3239 laudata
1020 3174 1162 3262 (physic.

159 3273 224 3342 lv.
239 3277 288 3355 2.)
306 3287 341 3342 et
359 3273 488 3365 ἄγραφοι
509 3285 680 3380 carosomi,
703 3304 816 3368 quasa
837 3282 1003 3373 discipulis
1022 3285 1159 3366 Aristo-

14 3438 40 3449 .,
96 3391 117 3437 Ὓ
159 3388 239 3472 tale,
268 3388 462 3468 Heraclide,
492 3391 649 3459 Hestiaeo
668 3404 703 3460 et
731 3395 803 3460 aliis
822 3395 927 3461 liter-is
954 3397 1174 3487 consignatas

159 3522 230 3566 esse
254 3499 442 3590 Simplicius
468 3504 573 3573 tradit
589 3511 623 3587 ¹>
658 3516 731 3573 tum
767 3505 846 3574 libri
864 3485 1065 3578 Aristotelis
1083 3515 1157 3601 oapi
1201 3544 1204 3553 ¹

146 3868 151 3876 ’
181 3852 211 3941 a)
228 3872 352 3942 snpra.
374 3871 408 3928 aa
433 3869 519 3942 phys.
543 3876 594 3934 ror.
613 3881 668 3942 an
682 3881 721 3953 a,
749 3880 912 3942 aremare
938 3882 1154 3959 sparsuras

166 4040 171 4047 1
220 3963 380 4030 panormo
396 3971 474 4018 tecta
506 3959 557 4019 tot
574 3964 632 4020 10⁴.
648 3967 682 4023 B.
1131 3969 1135 3976 ’
