2624 4680
443 274 591 398 '93

97 574 100 578 ,
148 483 283 570 Primus
296 503 419 591 legitur
434 504 471 571 in
484 502 667 591 metaphys.
690 502 717 569 1.
733 503 763 568 6.
781 509 823 569 A.
844 503 938 591 par.
959 498 1073 587 ιαῖτίς

61 602 83 691 ἡ
100 599 192 691 iii-nei
207 604 390 692 ὑποκειμένη
413 604 560 692 (Πλάτων
573 601 725 692 διώρισε),
745 603 830 669 καθ’
847 598 886 689 ἧς
900 603 938 671 τὰ
951 609 1019 698 εἴδη
1034 610 1072 679 τὰ

61 706 120 790 μὲν
137 709 190 771 tat
208 712 269 772 τῶν
289 711 452 793 αἰσθητῶν
472 704 509 771 rit
530 705 563 773 δὲ
580 707 635 773 ἐπὶ
654 714 720 782 τοίς
741 696 836 772 εἴδεσι
852 708 979 794 λέγεται.
1020 713 1071 781 Ita
1133 746 1137 757 ·

62 808 200 893 quidem
222 809 413 874 Brundisius
431 810 467 873 in
490 808 585 883 editis
605 806 850 894 metaphysicis.
879 809 959 875 ιταδῗ
976 804 1015 898 ἧς
1034 811 1073 880 ut

60 908 132 991 εἴδη
155 909 303 974 videtnra
325 910 364 973 ad
385 932 483 994 quam
506 909 602 974 ideae
619 907 798 996 pertinent.
832 908 962 977 Mirum
978 937 1072 998 vero,
1167 908 1170 912 ⁴

60 1009 152 1094 quod
175 1009 292 1075 eodem
314 1033 411 1075 sensu
434 1012 487 1075 ἐπὶ
502 1014 564 1076 τῶν
580 1013 743 1094 αἰσθητῶν
763 1019 797 1074 et
817 1010 871 1075 ἐπὶ
892 1020 956 1087 τοῖς
976 1015 1071 1084 εἴδεσι

62 1109 197 1174 diverso
226 1134 314 1176 casu.
376 1112 430 1178 Ao
455 1111 539 1195 quid
562 1111 696 1176 tandem
725 1106 762 1173 τὰ
784 1109 852 1195 εἴδη
873 1107 984 1179 aduini
1005 1127 1072 1194 τοίς

59 1210 180 1277 εἴδεσιί
210 1211 325 1295 Quare
341 1234 401 1298 ego
417 1213 552 1297 quidem
567 1224 717 1280 veterem
734 1211 820 1300 apud
835 1213 1071 1286 Alexandrum

59 1311 362 1400 Aphrodisiensem
382 1314 559 1378 lectionem
582 1312 804 1379 revocandam
826 1335 961 1394 censeo,
986 1320 1067 1385 καθ’

60 1406 102 1494 ἧς
122 1411 159 1478 τὰ
179 1415 246 1496 εἴδη
266 1414 320 1498 μὲν
341 1410 394 1480 ott
415 1420 476 1479 τῶν
490 1419 667 1500 αἰσθητῶν,
688 1412 724 1478 τὸ
740 1413 773 1479 δὲ
794 1420 828 1481 ἒν
842 1418 876 1480 ἒν
892 1426 956 1493 τοῖς
975 1421 1071 1488 εἴδεσι

59 1513 188 1598 λέγεται.
211 1517 260 1580 Ita
275 1527 307 1582 et
317 1516 559 1609 Brundisiusin
573 1515 712 1580 diatribe
728 1515 769 1579 de
784 1518 921 1604 perditis
935 1519 1072 1588 Aristo·

59 1617 136 1680 telis
156 1617 281 1696 tibris,
317 1631 371 1696 ut,
405 1641 465 1683 cur
499 1616 718 1705 discrepuerit
752 1617 789 1681 in
823 1621 1070 1708 metaphysicis,
1130 1636 1134 1645 ‘

60 1717 220 1785 nesciam.
248 1720 336 1804 *Nec
358 1723 463 1785 multo
487 1720 617 1784 diversa
637 1718 760 1797 tectio,
788 1740 888 1802 quam
910 1724 1071 1793 editiones

61 1818 201 1908 habent:
240 1821 319 1886 καθ’
337 1815 375 1905 ἧς
396 1818 437 1886 τῶ
453 1821 521 1904 εἴδη
542 1819 580 1885 τὰ
600 1819 656 1904 μὲν
676 1822 729 1885 ἐπὶ
755 1824 815 1884 τῶν
835 1827 1013 1908 αἰσθητῶν,
1034 1811 1069 1895 id

61 1921 93 1988 δ’
119 1928 152 1988 ἓν
174 1926 207 1988 ἐν
226 1932 292 1998 τοίς
312 1923 406 1987 εἴδεσι
421 1921 548 2007 λέγεται.
590 1927 630 1987 In
652 1944 717 2010 quo
737 1925 900 2010 oppositio
923 1928 1011 1994 inter
1032 1927 1092 1996 τὰ,

61 2025 130 2108 εἴδη
158 2021 196 2090 τὰ
223 2023 278 2106 μὲν
306 2035 339 2088 et
366 2021 401 2088 τὸ
429 2023 458 2089 δ’
487 2029 521 2088 ἓν
556 2023 722 2108 offendat,
758 2027 846 2109 quod
875 2050 952 2113 pars
982 2022 1088 2117 parti*

60 2126 266 2214 respondere
283 2126 407 2190 debeat.
435 2117 593 2190 Ceterum
602 2125 788 2190 Alexandri
799 2126 1072 2214 Aphrodisiensis

62 2231 161 2295 lectio
178 2252 254 2294 cum
276 2230 431 2292 universa
447 2227 498 2291 rei
520 2229 648 2293 ratione
668 2228 795 2315 optime
817 2232 988 2298 consentit.
1021 2235 1072 2300 lta
1115 2303 1120 2311 χ

61 2331 120 2397 illa
140 2330 217 2395 καθ’
235 2322 274 2414 ἧς
289 2325 327 2392 τὰ
339 2329 406 2413 εἴδη
423 2326 459 2393 τὰ
477 2328 531 2410 μὲν
547 2331 599 2419 {ni
614 2335 674 2395 τῶν
688 2332 850 2414 αἰσθητῶν
870 2356 942 2397 cam
958 2335 1072 2421 magni

63 2446 96 2499 et
124 2433 221 2520 parvi
251 2431 472 2495 conditionem
501 2430 644 2509 indicat,
680 2441 716 2495 ut
745 2432 828 2520 ideis
858 2435 899 2497 ad
930 2459 983 2499 res
1008 2438 1070 2503 sub
1135 2514 1143 2531 η

63 2558 174 2601 sensus
198 2536 349 2599 cadentes
379 2530 472 2616 quasi
500 2554 666 2597 accessum
688 2545 793 2620 paret.
852 2533 908 2599 Sic
930 2535 1071 2605 fortasse

63 2659 220 2722 magnum
243 2649 274 2699 et
299 2657 461 2721 parvum,
478 2644 650 2718 'quatenus
673 2636 732 2700 uni
756 2647 910 2719 tanquam
932 2642 1072 2707 materia

63 2740 244 2820 subjectum
267 2748 330 2814 est,
359 2737 463 2821 magis
485 2757 562 2799 oum
590 2737 739 2800 numeris
761 2751 956 2820 cognatum,
987 2764 1072 2826 qua-

63 2853 159 2905 tenus
182 2862 262 2904 vero
283 2839 374 2903 ideas
395 2835 488 2922 quasi
511 2836 648 2900 sustinet
670 2849 702 2901 et
720 2837 755 2901 in
778 2861 891 2902 rernm
916 2856 1071 2908 naturam

63 2941 264 3020 introducit,
288 2941 327 3004 ad
350 2939 446 3027 spatii
468 2939 572 3023 magis
594 2937 759 3002 rationein
782 2938 1007 3009 referendum.

75 3045 78 3053 ’
129 3043 248 3109 ‘Alter
269 3042 378 3114 loona,
400 3040 459 3104 etsi
482 3063 549 3103 non
568 3052 657 3105 recta
673 3040 726 3103 via
745 3041 863 3106 eodem
882 3043 1004 3124 tendit,
1028 3045 1071 3111 ad
1169 3088 1174 3095 ·

63 3147 151 3214 hanc
172 3156 281 3209 tamen
295 3141 408 3229 magni
431 3152 463 3205 et
492 3140 588 3228 parvi
610 3141 835 3228 conditionem
864 3147 1077 3212 revocandus·
1099 3152 1107 3165 '

64 3262 121 3316 est.
164 3246 362 3313 Aristoteles
382 3245 477 3334 phys.
503 3248 522 3307 Ι.
540 3245 570 3307 9.
590 3267 652 3329 sua
675 3243 746 3308 aliis
768 3265 955 3330 opponens,
980 3271 1016 3311 se
1038 3257 1071 3311 et

66 3353 162 3417 aliter
181 3342 218 3414 τδ
239 3349 295 3414 οὐκ
316 3345 352 3413 δν
377 3344 577 3410 constituere
599 3344 696 3421 dicit,
718 3355 813 3428 atque
831 3345 1016 3410 Platonicos
1035 3345 1071 3413 τὸ

64 3451 107 3539 μη
131 3450 181 3530 dr,
210 3462 242 3515 et
268 3450 366 3514 aliam
395 3470 523 3536 ponere
551 3446 791 3510 elementorum
822 3446 946 3523 triade,
974 3460 1072 3536 atque

66 3557 158 3632 illos,
189 3553 244 3638 qui
265 3551 402 3639 proprie
424 3551 490 3615 duo
513 3560 643 3613 tantum
663 3558 856 3631 agnoscant,
877 3546 1024 3615 formam
1040 3561 1073 3616 et

67 3655 260 3731 materiam,
292 3653 378 3718 hanc
397 3664 509 3718 tamen
530 3650 566 3716 in
589 3651 656 3714 duo
677 3648 734 3712 illa
757 3671 916 3736 magnum
939 3661 971 3715 et
993 3674 1074 3740 par-

68 3781 153 3824 vum
187 3756 420 3821 discedentem.
475 3749 565 3838 ἡμείς
592 3750 646 3831 μὲν
672 3745 726 3835 γὰρ
753 3744 832 3834 ἴλην
858 3752 910 3815 καί
931 3756 1074 3838 στέρησιν
1130 3843 1133 3847 ,

69 3865 172 3941 ἕτερον
192 3857 268 3923 εἶναί
287 3877 401 3940 φαμεν·
427 3855 479 3921 καί
500 3848 616 3919 τούτων
637 3848 671 3917 τὸ
694 3849 748 3932 μὲν
769 3850 824 3917 οὐκ
846 3848 883 3918 δν
901 3852 978 3919 εἶναι
997 3852 1075 3938 perd

70 3955 278 4049 συμβεβηκὸς,
299 3955 355 4044 τὴν
378 3953 469 4046 ἴλην·
489 3952 546 4042 την
566 3954 599 4022 δὲ
619 3954 771 4037 στέρησιν,
787 3951 867 4021 καθ’
890 3950 1004 4042 αὑτήν·
1025 3957 1077 4022 καί
