2624 4680
537 333 765 468 26⁴².

231 531 284 598 Ex
314 530 373 609 iis,
405 546 496 616 ‘quae'
523 541 661 597 tractate
690 540 781 607 sunt,
822 545 987 621 apparete
1016 532 1152 607 videtur,

145 643 361 714 Aristotelem
379 644 469 709 ideas
484 643 593 709 minus
608 643 733 735 cepisse
739 686 763 723 ‚-
779 655 815 709 ut
831 643 998 708 contraria
1010 644 1151 710 notionis

145 759 183 826 vi
197 758 381 845 subigentes
397 770 428 824 et
445 758 673 837 conciliantes,
699 768 735 822 ut
750 756 1014 838 contrariorum,
1037 757 1150 842 quibus

143 895 207 963 per
227 874 263 941 s'e
283 872 329 951 ab
347 871 451 935 altero
475 870 515 934 ad
531 871 675 935 alterum
690 869 858 936 dialectice
873 869 1047 951 jactamur,
1067 869 1149 934 inter

144 1007 182 1050 se
212 1006 426 1060 eonsensum,
461 1006 506 1048 ne
533 982 640 1047 dicam
665 983 841 1061 unitatem,
868 980 1148 1068 quemadmodum

145 1117 200 1163 eas
230 1096 321 1161 Plato
353 1095 389 1159 in
419 1077 618 1160 Parmenide
654 1106 687 1162 et
714 1093 867 1183 Sophiste
897 1095 1059 1170 ostendit,
1087 1093 1147 1158 sed

144 1190 267 1295 magis,
303 1207 585 1294 quemadmodum
613 1207 655 1275 in
678 1206 873 1288 Phaedone,
908 1229 1010 1293 quem
1028 1207 1148 1282 laudat,

144 1343 229 1409 quse
261 1320 304 1386 sit
331 1320 484 1389 idearum
515 1320 556 1384 ad
592 1343 645 1386 res
673 1321 819 1387 sensibus
846 1320 1011 1408 expositas
1040 1320 1093 1386 vis
1119 1328 1147 1383 et

49 1468 51 1475 r
144 1433 250 1514 ratio,
283 1444 398 1520 atque,
431 1434 711 1519 quemadmodum
738 1432 775 1499 in
800 1433 888 1500 libro
911 1413 1063 1497 Platonis
1083 1430 1147 1498 rei-

143 1545 296 1638 publicae
324 1546 397 1611 Vll.
427 1544 642 1632 significatum
675 1558 741 1622 est,
774 1547 831 1632 qul
858 1545 898 1610 ad
929 1544 1091 1613 virtutem
1118 1555 1147 1609 et

145 1659 233 1726 vitae
264 1660 390 1738 bonum
417 1657 606 1746 pertineant
641 1657 704 1745 (oi.
735 1659 800 1726 eth.
828 1658 869 1724 ad
899 1658 1041 1734 Nicone,¹
1061 1659 1086 1723 Ι.
1117 1657 1145 1720 l.

144 1792 255 1859 magn.
277 1794 362 1838 mor.
380 1771 404 1834 l.
420 1771 450 1840 1.
470 1772 511 1838 ad
530 1771 670 1860 Eadem.
690 1772 716 1839 Ι.
730 1772 785 1855 8).
827 1771 1040 1859 Quemquam
1056 1770 1145 1848 illut

146 1885 289 1967 „omnia
317 1882 468 1960 fluere,“
504 1908 522 1951 e
550 1899 616 1970 quo
641 1883 773 1971 quidem
795 1885 831 1949 in
855 1883 1041 1965 Phaedone
1055 1882 1145 1953 ideae

145 2019 215 2063 non
237 2007 351 2062 enatae
373 2007 466 2072 sunt,
489 1997 556 2088 sed
585 1997 673 2082 quod
703 1995 900 2079 Aristoteles
925 1995 1009 2066 ideis
1036 1997 1145 2081 locum

95 2155 97 2160 -
146 2105 274 2176 dedisse
301 2109 406 2196 iisque
434 2110 526 2195 quasi
552 2109 677 2181 victum
699 2133 768 2181 esse
790 2109 908 2190 tradit,
941 2103 1146 2179 isti'contra-

99 2272 102 2287 .
145 2220 275 2291 riorum
303 2220 390 2286 inter
417 2245 452 2286 se
477 2222 716 2309 repugnantiae
742 2244 809 2288 non
837 2220 996 2288 dissimile
1015 2221 1145 2289 credass

47 2408 49 2412 Α
145 2344 258 2402 tamen
280 2336 423 2403 multum
444 2335 598 2411 interest,
635 2344 748 2398 utrum
770 2333 852 2398 haec
873 2331 985 2400 fluxae
1007 2354 1072 2399 neo
1091 2325 1149 2395 sihi

146 2445 321 2511 constantis
349 2445 486 2510 rationis
512 2446 671 2511 sententia
700 2446 803 2531 magis
841 2467 860 2511 e
893 2465 1010 2514 rerum
1032 2454 1148 2513 natura

146 2568 303 2644 concepta
325 2558 384 2634 sit,
413 2579 455 2620 an
479 2556 559 2621 haee
579 2558 823 2626 contrariorum
838 2556 1059 2643 repugnantia
1081 2555 1150 2620 dia·

144 2669 260 2736 lectice
287 2670 358 2757 ipsa
388 2668 523 2732 notione
549 2691 619 2733 sese
646 2669 810 2753 obtulerit.
859 2669 990 2754 Quodsi
1019 2668 1063 2734 ab
1090 2664 1148 2731 heo

146 2780 283 2868 quidem
304 2793 399 2868 parte
417 2780 612 2855 Aristoteles
627 2781 772 2846 Platonis
785 2779 872 2845 ideas
886 2779 996 2846 minus
1011 2778 1149 2856 curavit,

73 2912 82 2923 ‘
146 2916 190 2975 ex
224 2918 264 2960 eo
299 2917 366 2959 non
401 2893 624 2980 colligendum
658 2905 722 2970 est,
758 2880 986 2978 Aristotelem¹
1003 2892 1148 2957 Platonis

144 3005 380 3074 Parmenidem
404 3016 436 3070 et
456 3005 645 3097 Sophistam
665 3006 735 3070 sive
757 3027 825 3071 non
847 3004 977 3070 novisse
993 3004 1065 3070 sive
1082 3026 1148 3070 non

146 3119 330 3206 agnovisse.
377 3117 508 3186 Eorum
536 3117 637 3183 enim¹
659 3115 748 3207 apud
776 3116 992 3186 Aristotelem
1015 3116 1155 3207 vestigia,

88 3286 92 3293 .
145 3252 247 3319 supra
266 3231 532 3298 monstravimus.
1043 3311 1051 3326 .

232 3343 391 3429 Quaestio
413 3354 472 3428 est·
483 3339 735 3409 celebratissima
752 3339 904 3428 antiquae
919 3341 1150 3430 philosophiae

55 3506 59 3513 .
146 3455 362 3543 scriptoribus
391 3455 432 3521 de
467 3454 638 3534 idearum,
670 3475 770 3539 quam
794 3432 942 3532 dicunt(
962 3454 1151 3532 substantia,

91 3611 94 3616 -
147 3591 191 3633 an
213 3568 307 3633 Plato
329 3567 418 3632 ideas
437 3557 630 3642 substantias
651 3563 769 3634 fecerit
785 3589 906 3633 necne.
951 3566 1050 3651 Quae
1073 3567 1150 3634 suh-

72 3685 79 3694 “
147 3679 286 3746 stantiae
313 3701 380 3744 vox
407 3679 571 3767 ambigua.
623 3677 739 3744 Solent
760 3678 851 3745 enim
871 3677 983 3757 οὐσίαν,
999 3679 1151 3745 substan·

150 3793 231 3862 tiam
247 3801 398 3870 vertere„
421 3791 521 3856 Οὐσιά
534 3791 672 3887 quidem·
682 3791 718 3857 in
732 3791 821 3857 ideas
837 3792 988 3858 omnium
1004 3793 1151 3858 maxime

149 3903 254 3988 cadit,
276 3903 433 3991 quoniam
454 3917 530 3970 sunt
551 3901 644 3982 ὅντως
659 3901 705 3995 dr.
749 3903 814 3969 Sed
837 3904 1038 3976 substantiae
1054 3928 1153 3997 quae«

150 4016 228 4087 dam
242 4015 433 4106 subrepere
462 4016 545 4084 solet
571 4017 750 4096 materiae,
785 4040 869 4104 quae
898 4019 1010 4085 locum
1040 4029 1155 4095 teneat,
