2624 4680
482 344 611 423 „91

70 502 176 598 xerat,
198 518 282 585 sicut
304 516 437 585 numeri
458 540 562 585 unum
584 503 755 608 expetant,
782 527 820 583 nt
841 515 938 582 unius
960 516 1096 609 partici-

89 655 148 720 pes
168 631 264 714 fiant‚
285 632 330 701 ita
352 632 438 698 bona
460 644 592 699 eatenus
614 643 744 697 tantum
765 653 834 696 esse
856 631 960 710 bona,
979 642 1097 716 quate-
1119 647 1123 653 “

88 768 152 809 nus
176 746 216 810 ad
240 745 347 832 ipsum
378 743 523 827 bonum,
565 744 715 833 primum
748 743 833 810 illud
869 754 902 809 et
929 743 1094 833 princeps,

88 855 298 924 referanlur:
340 858 376 922 Si
393 859 590 925 Aristoteles
615 880 773 924 numeros
801 857 856 922 vel
877 857 965 933 hona
988 880 1095 923 unum

90 957 247 1058 expetere
270 983 381 1058 negat,
403 972 550 1058 quod‘iis
570 972 637 1038 vita
656 970 699 1035 sit
721 970 832 1047 nulla,
859 968 961 1035 verba
980 969 1096 1065 magis,

89 1105 190 1168 quarn
206 1106 278 1150 rem
298 1081 416 1149 sectari
432 1085 572 1150 videtur.
616 1083 681 1148 Sed
699 1082 810 1170 gravis
831 1094 878 1148 est
893 1105 931 1146 ea
946 1081 1096 1163 objectio,

88 1197 260 1281 quomodo
287 1197 421 1262 numeri
449 1220 553 1263 unum
577 1207 751 1286 expetant,
781 1220 849 1261 non
880 1193 1097 1261 esse-defini-

87 1318 171 1373 tum.
236 1310 271 1379 si
297 1322 447 1375 crescunt
474 1312 624 1389 numeri,
647 1309 762 1374 'uuum
793 1307 884 1393 quasi
906 1306 1022 1393 sugere
1042 1307 1097 1373 vi-

86 1422 248 1498 deantur3
267 1423 324 1486 sed
346 1423 461 1502 simul,
485 1433 775 1508 quantumcunque
787 1433 971 1506 augentur,
992 1442 1097 1507 cxpe-

70 1547 149 1598 ·tun
175 1535 454 1619 tquodammodq3
486 1558 566 1601 nam
589 1546 627 1599 ut
648 1537 713 1600 sint
737 1533 820 1598 certi
847 1526 996 1611 numeri,
1028 1516 1109 1600 una.

88 1648 286 1733 cogitatione
307 1649 342 1712 in
364 1670 475 1714 unum.
492 1659 568 1713 suut
590 1646 820 1736 conjungendi.
878 1646 955 1711 Hoc
984 1645 1117 1734 ipsum

85 1760 211 1834 auiis,
233 1759 289 1845 qui
309 1783 413 1825 unum
433 1759 621 1855 enumeris
643 1757 756 1846 expeti
779 1757 953 1837 disserunt,
981 1760 1096 1826 ohser-

88 1886 205 1938 vatum
229 1872 344 1950 fuerit,
365 1874 403 1939 in
426 1873 536 1938 medio
558 1873 814 1961 relinquendum
838 1864 909 1938 ests
1042 1957 1045 1961 ⁴

173 1986 268 2051 Haec
295 1985 366 2053 fere
394 2010 432 2052 ea
460 1996 553 2061 sunt,
586 2007 671 2072 quae
693 1988 741 2073 de.
763 1986 896 2051 numeri
922 1985 1038 2052 idealrs
1064 1999 1097 2053 et
1182 1972 1185 1977 Α

87 2096 314 2192 mathematici
341 2099 532 2164 discrimine
555 2121 597 2164 ex
618 2097 798 2164 Aristotele
820 2096 974 2163 conferre
996 2098 1097 2191 scivi·

88 2232 173 2274 mus.
217 2211 253 2275 Si
274 2213 363 2277 viam
384 2211 579 2300 respicimus
599 2222 767 2286 nostram,
788 2231 947 2295 magnum
969 2219 1002 2274 et
1015 2232 1097 2298 par-

76 2345 189 2402 ·vum‚
211 2346 276 2408 quo
291 2324 444 2391 idearum
459 2347 534 2388 cum
553 2324 701 2389 numeris
721 2322 833 2387 existit
848 2321 1008 2417 cognatio,
1030 2322 1097 2387 hnc

89 2457 152 2499 nos
173 2436 334 2521 deduxit.¹
378 2436 452 2501 Jam
480 2459 596 2501 rursus
626 2435 716 2500 subit
745 2434 908 2522 quaestio,
938 2457 980 2498 an
1001 2433 1097 2500 ideae
1163 2414 1170 2421 .

88 2547 175 2622 nihil
198 2548 261 2612 nisi
282 2550 368 2613 meri
388 2548 425 2612 hi
447 2548 580 2642 numeri
601 2548 733 2614 ideales.¹
758 2549 814 2612 ⁴In
830 2570 895 2633 quo
918 2528 1097 2632 argumen·
1143 2536 1146 2543 ¹

90 2671 140 2741 ta,
161 2681 333 2745 quaeram
355 2661 551 2759 decernant,
573 2661 609 2726 in
633 2661 728 2740 locis,
750 2681 834 2746 quae
855 2659 1018 2747 persecuti
1038 2680 1097 2747 su-

89 2794 182 2851 mus,
204 2770 326 2837 frustra
348 2775 548 2859 quaerimus.
592 2772 748 2851 Etiamsi,
768 2783 807 2836 ut
828 2760 995 2850 vidimus,¹
1011 2792 1097 2858 pro-

88 2885 171 2972 priis
188 2884 310 2950 horum
332 2882 489 2951 idealium
506 2907 726 2950 numerorum
746 2882 917 2948 elementis
932 2882 1096 2968 quodam·

88 3113 123 3175 in
146 3111 217 3198 ipsa
237 3108 395 3177 varietate
417 3123 449 3176 et
470 3094 658 3176 differentia
680 3109 804 3197 positus
825 3110 914 3175 lenta
936 3131 1097 3174 numero-

87 3246 167 3289 rum
195 3247 236 3289 ex
265 3247 330 3288 uua
360 3235 393 3290 et
427 3225 542 3289 eadem
576 3223 721 3289 monade
756 3222 947 3308 genitorum
976 3232 1097 3287 natura

86 3348 244 3421 tanquam
273 3339 359 3402 serie
380 3337 592 3423 aequabiliter
618 3335 736 3400 fluenti
765 3333 955 3398 tolleretur:
972 3344 1113 3411 vtamen

88 3447 171 3513 haec
200 3449 305 3513 cautio
336 3473 405 3514 non
435 3461 523 3514 tanta
553 3460 616 3525 est,
656 3459 777 3533 quanta
809 3445 921 3510 omnia
950 3440 1095 3511 notionis

89 3560 182 3646 quasi
202 3560 276 3642 jura
299 3574 441 3629 tueatur.
506 3561 542 3627 si
564 3560 719 3625 universa
741 3570 773 3624 et
792 3579 923 3622 summe
944 3558 1096 3623 Graeco-

87 3696 166 3738 rum
202 3675 291 3739 vitae
315 3675 455 3741 indoles
487 3672 700 3762 pulchritudo
740 3671 806 3736 dici
841 3681 966 3759 potest,
1002 3670 1093 3750 haec,

89 3787 370 3871 quemadmodum
394 3800 426 3853 et
448 3787 692 3875 philosophiam
713 3782 928 3872 temperavit,
955 3782 991 3846 in
1014 3781 1094 3846 Pla-

72 3880 177 3963 tonis
199 3899 281 3964 ideis
311 3900 458 3964 absoluta
488 3912 658 3988 apparet..
687 3889 801 3989 Quid?
838 3895 925 3982 quod
956 3880 990 3960 in
1019 3893 1093 3959 idea
1165 3914 1173 3928 ¹

89 4012 182 4077 notio
209 4021 367 4102 tanquam
400 4023 507 4079 statua
537 4013 706 4102 exsculpta
740 4021 773 4077 et
806 4010 909 4076 oculis
944 4005 1096 4097 exposita·
1192 4021 1197 4042 ¹
