<?xml version="1.0" encoding="UTF-8"?>
<!DOCTYPE html PUBLIC "-//W3C//DTD XHTML 1.0 Transitional//EN"
    "http://www.w3.org/TR/xhtml1/DTD/xhtml1-transitional.dtd">
<html xmlns="http://www.w3.org/1999/xhtml" xml:lang="en" lang="en">
 <head>
  <title>
</title>
<meta http-equiv="Content-Type" content="text/html;charset=utf-8" />
  <meta name='ocr-system' content='tesseract 3.04.00' />
  <meta name='ocr-capabilities' content='ocr_page ocr_carea ocr_par ocr_line ocrx_word'/>
</head>
<body>
  <div class='ocr_page' id='page_1' title='image "./platonisdeideis00trengoog_0126.png"; bbox 0 0 2624 4680; ppageno 0'>
   <div class='ocr_carea' id='block_1_1' title="bbox 733 369 776 435">
    <p class='ocr_par' dir='ltr' id='par_1_1' title="bbox 733 369 776 435">
     <span class='ocr_line' id='line_1_1' title="bbox 733 369 776 435; baseline 0.023 -1"><span class='ocrx_word' id='word_1_1' title='bbox 733 369 776 435; x_wconf 86' lang='lat'><strong>92</strong></span> 
     </span>
    </p>
   </div>
   <div class='ocr_carea' id='block_1_2' title="bbox 153 518 1306 4122">
    <p class='ocr_par' dir='ltr' id='par_1_2' title="bbox 153 518 1306 4122">
     <span class='ocr_line' id='line_1_2' title="bbox 249 518 1258 628; baseline -0.001 -25"><span class='ocrx_word' id='word_1_2' title='bbox 249 537 412 604; x_wconf 85' lang='lat' dir='ltr'><strong>videatur.</strong></span> <span class='ocrx_word' id='word_1_3' title='bbox 476 518 540 602; x_wconf 89' lang='lat' dir='ltr'><strong>Sed</strong></span> <span class='ocrx_word' id='word_1_4' title='bbox 569 537 597 603; x_wconf 86' lang='lat' dir='ltr'><strong>si</strong></span> <span class='ocrx_word' id='word_1_5' title='bbox 626 539 737 618; x_wconf 81' lang='lat' dir='ltr'><strong>ideae,</strong></span> <span class='ocrx_word' id='word_1_6' title='bbox 774 540 802 605; x_wconf 90' lang='lat' dir='ltr'><strong>si</strong></span> <span class='ocrx_word' id='word_1_7' title='bbox 828 541 936 627; x_wconf 89' lang='lat' dir='ltr'><strong>ipsum</strong></span> <span class='ocrx_word' id='word_1_8' title='bbox 966 540 1109 616; x_wconf 90' lang='lat' dir='ltr'><strong>bonum,</strong></span> <span class='ocrx_word' id='word_1_9' title='bbox 1146 539 1258 628; x_wconf 88' lang='lat' dir='ltr'><strong>ipsum</strong></span> 
     </span>
     <span class='ocr_line' id='line_1_3' title="bbox 248 652 1260 742; baseline -0.004 -25"><span class='ocrx_word' id='word_1_10' title='bbox 248 652 428 742; x_wconf 88' lang='lat' dir='ltr'><strong>pulchrum</strong></span> <span class='ocrx_word' id='word_1_11' title='bbox 450 652 492 716; x_wconf 87' lang='lat' dir='ltr'><strong>ad</strong></span> <span class='ocrx_word' id='word_1_12' title='bbox 513 673 673 719; x_wconf 87' lang='lat' dir='ltr'><strong>numeros</strong></span> <span class='ocrx_word' id='word_1_13' title='bbox 696 670 877 740; x_wconf 77' lang='lat' dir='ltr'>exsangues</span> <span class='ocrx_word' id='word_1_14' title='bbox 906 663 939 718; x_wconf 90' lang='lat' dir='ltr'><strong>et</strong></span> <span class='ocrx_word' id='word_1_15' title='bbox 960 653 1072 718; x_wconf 87' lang='lat' dir='ltr'><strong>aridos</strong></span> <span class='ocrx_word' id='word_1_16' title='bbox 1096 654 1260 738; x_wconf 69' lang='lat' dir='ltr'><strong>redigam</strong></span> 
     </span>
     <span class='ocr_line' id='line_1_4' title="bbox 200 753 1258 855; baseline -0.001 -24"><span class='ocrx_word' id='word_1_17' title='bbox 200 793 204 808; x_wconf 91' lang='lat'>·</span> <span class='ocrx_word' id='word_1_18' title='bbox 248 775 305 832; x_wconf 85' lang='lat' dir='ltr'><strong>tur</strong></span> <span class='ocrx_word' id='word_1_19' title='bbox 327 777 360 830; x_wconf 89' lang='lat' dir='ltr'><strong>et</strong></span> <span class='ocrx_word' id='word_1_20' title='bbox 380 753 433 831; x_wconf 85' lang='lat' dir='ltr'><strong>his</strong></span> <span class='ocrx_word' id='word_1_21' title='bbox 451 764 585 855; x_wconf 63' lang='lat' dir='ltr'><strong>inclusa</strong></span> <span class='ocrx_word' id='word_1_22' title='bbox 608 778 781 847; x_wconf 87' lang='lat' dir='ltr'><strong>tenentur,</strong></span> <span class='ocrx_word' id='word_1_23' title='bbox 810 765 885 844; x_wconf 85' lang='lat' dir='ltr'><strong>illa,</strong></span> <span class='ocrx_word' id='word_1_24' title='bbox 919 788 1021 854; x_wconf 81' lang='lat' dir='ltr'><strong>quam</strong></span> <span class='ocrx_word' id='word_1_25' title='bbox 1052 767 1089 832; x_wconf 91' lang='lat' dir='ltr'><strong>in</strong></span> <span class='ocrx_word' id='word_1_26' title='bbox 1115 761 1258 832; x_wconf 86' lang='lat' dir='ltr'><strong>¹Platone</strong></span> 
     </span>
     <span class='ocr_line' id='line_1_5' title="bbox 156 862 1257 968; baseline -0.001 -23"><span class='ocrx_word' id='word_1_27' title='bbox 156 904 159 910; x_wconf 92' lang='lat'>·</span> <span class='ocrx_word' id='word_1_28' title='bbox 248 902 416 958; x_wconf 88' lang='lat' dir='ltr'><strong>amamus,</strong></span> <span class='ocrx_word' id='word_1_29' title='bbox 440 862 668 968; x_wconf 85' lang='lat' dir='ltr'><strong>pulchritudo,</strong></span> <span class='ocrx_word' id='word_1_30' title='bbox 690 880 817 959; x_wconf 82' lang='lat' dir='ltr'><strong>omnis,</strong></span> <span class='ocrx_word' id='word_1_31' title='bbox 838 864 977 966; x_wconf 77' lang='lat' dir='ltr'><strong>quados</strong></span> <span class='ocrx_word' id='word_1_32' title='bbox 999 886 1119 966; x_wconf 76' lang='lat' dir='ltr'><strong>capere</strong></span> <span class='ocrx_word' id='word_1_33' title='bbox 1140 879 1257 960; x_wconf 77' lang='lat' dir='ltr'><strong>solent,</strong></span> 
     </span>
     <span class='ocr_line' id='line_1_6' title="bbox 231 973 1257 1087; baseline -0.003 -30"><span class='ocrx_word' id='word_1_34' title='bbox 231 973 399 1058; x_wconf 75' lang='lat' dir='ltr'><strong>&#39;idearum</strong></span> <span class='ocrx_word' id='word_1_35' title='bbox 419 1005 573 1058; x_wconf 88' lang='lat' dir='ltr'><strong>venustas</strong></span> <span class='ocrx_word' id='word_1_36' title='bbox 595 994 732 1082; x_wconf 85' lang='lat' dir='ltr'><strong>expulsa</strong></span> <span class='ocrx_word' id='word_1_37' title='bbox 760 994 938 1087; x_wconf 84' lang='lat' dir='ltr'><strong>evanescit.¹</strong></span> <span class='ocrx_word' id='word_1_38' title='bbox 999 991 1034 1056; x_wconf 91' lang='lat' dir='ltr'><strong>Si</strong></span> <span class='ocrx_word' id='word_1_39' title='bbox 1056 992 1170 1056; x_wconf 91' lang='lat' dir='ltr'><strong>omnia</strong></span> <span class='ocrx_word' id='word_1_40' title='bbox 1193 1014 1257 1055; x_wconf 91' lang='lat' dir='ltr'><strong>nu·</strong></span> 
     </span>
     <span class='ocr_line' id='line_1_7' title="bbox 246 1105 1256 1190; baseline -0.003 -20"><span class='ocrx_word' id='word_1_41' title='bbox 246 1105 408 1170; x_wconf 84' lang='lat' dir='ltr'><strong>merendo</strong></span> <span class='ocrx_word' id='word_1_42' title='bbox 444 1105 681 1189; x_wconf 87' lang='lat' dir='ltr'><strong>subjiciuntur,</strong></span> <span class='ocrx_word' id='word_1_43' title='bbox 723 1107 884 1183; x_wconf 84' lang='lat' dir='ltr'><strong>intuendo</strong></span> <span class='ocrx_word' id='word_1_44' title='bbox 922 1105 1006 1170; x_wconf 88' lang='lat' dir='ltr'><strong>nihil</strong></span> <span class='ocrx_word' id='word_1_45' title='bbox 1043 1105 1256 1190; x_wconf 84' lang='lat' dir='ltr'><strong>relinquitur.</strong></span> 
     </span>
     <span class='ocr_line' id='line_1_8' title="bbox 246 1213 1257 1306; baseline -0.004 -22"><span class='ocrx_word' id='word_1_46' title='bbox 246 1219 323 1284; x_wconf 94' lang='lat' dir='ltr'><strong>Hoc</strong></span> <span class='ocrx_word' id='word_1_47' title='bbox 352 1218 481 1306; x_wconf 89' lang='lat' dir='ltr'><strong>ipsum,</strong></span> <span class='ocrx_word' id='word_1_48' title='bbox 518 1213 607 1304; x_wconf 91' lang='lat' dir='ltr'><strong>quod</strong></span> <span class='ocrx_word' id='word_1_49' title='bbox 644 1220 738 1284; x_wconf 89' lang='lat' dir='ltr'><strong>Plato</strong></span> <span class='ocrx_word' id='word_1_50' title='bbox 779 1243 797 1285; x_wconf 89' lang='lat' dir='ltr'><strong>a</strong></span> <span class='ocrx_word' id='word_1_51' title='bbox 826 1219 1016 1285; x_wconf 85' lang='lat' dir='ltr'><strong>notionibus</strong></span> <span class='ocrx_word' id='word_1_52' title='bbox 1060 1217 1257 1283; x_wconf 87' lang='lat' dir='ltr'><strong>deliniendis</strong></span> 
     </span>
     <span class='ocr_line' id='line_1_9' title="bbox 247 1330 1256 1421; baseline -0.001 -26"><span class='ocrx_word' id='word_1_53' title='bbox 247 1330 415 1396; x_wconf 78' lang='lat' dir='ltr'><strong>dialectica</strong></span> <span class='ocrx_word' id='word_1_54' title='bbox 439 1331 568 1397; x_wconf 86' lang='lat' dir='ltr'><strong>ratione</strong></span> <span class='ocrx_word' id='word_1_55' title='bbox 597 1332 638 1396; x_wconf 90' lang='lat' dir='ltr'><strong>ad</strong></span> <span class='ocrx_word' id='word_1_56' title='bbox 668 1332 758 1397; x_wconf 81' lang='lat' dir='ltr'><strong>ideas</strong></span> <span class='ocrx_word' id='word_1_57' title='bbox 785 1333 955 1421; x_wconf 86' lang='lat' dir='ltr'><strong>pervenit,</strong></span> <span class='ocrx_word' id='word_1_58' title='bbox 991 1330 1069 1395; x_wconf 89' lang='lat' dir='ltr'><strong>satis</strong></span> <span class='ocrx_word' id='word_1_59' title='bbox 1089 1330 1256 1418; x_wconf 83' lang='lat' dir='ltr'><strong>impedire</strong></span> 
     </span>
     <span class='ocr_line' id='line_1_10' title="bbox 228 1440 1256 1536; baseline -0.001 -29"><span class='ocrx_word' id='word_1_60' title='bbox 228 1440 371 1536; x_wconf 81' lang='lat' dir='ltr'><strong>potuit,</strong></span> <span class='ocrx_word' id='word_1_61' title='bbox 392 1445 582 1529; x_wconf 88' lang='lat' dir='ltr'><strong>quominus,</strong></span> <span class='ocrx_word' id='word_1_62' title='bbox 602 1445 694 1509; x_wconf 90' lang='lat' dir='ltr'><strong>omni</strong></span> <span class='ocrx_word' id='word_1_63' title='bbox 713 1445 857 1510; x_wconf 87' lang='lat' dir='ltr'><strong>notionis</strong></span> <span class='ocrx_word' id='word_1_64' title='bbox 878 1445 1025 1510; x_wconf 87' lang='lat' dir='ltr'><strong>ubertate</strong></span> <span class='ocrx_word' id='word_1_65' title='bbox 1047 1442 1166 1521; x_wconf 87' lang='lat' dir='ltr'><strong>deleta,</strong></span> <span class='ocrx_word' id='word_1_66' title='bbox 1190 1465 1256 1506; x_wconf 88' lang='lat' dir='ltr'><strong>nu-</strong></span> 
     </span>
     <span class='ocr_line' id='line_1_11' title="bbox 247 1535 1255 1642; baseline -0.003 -20"><span class='ocrx_word' id='word_1_67' title='bbox 247 1558 306 1622; x_wconf 91' lang='lat' dir='ltr'><strong>dos</strong></span> <span class='ocrx_word' id='word_1_68' title='bbox 326 1556 450 1622; x_wconf 83' lang='lat' dir='ltr'><strong>faceret</strong></span> <span class='ocrx_word' id='word_1_69' title='bbox 469 1581 636 1624; x_wconf 88' lang='lat' dir='ltr'><strong>numeros.</strong></span> <span class='ocrx_word' id='word_1_70' title='bbox 671 1549 910 1642; x_wconf 80' lang='lat' dir='ltr'><strong>-Adde,&#39;quod</strong></span> <span class='ocrx_word' id='word_1_71' title='bbox 930 1557 1035 1622; x_wconf 91' lang='lat' dir='ltr'><strong>multa</strong></span> <span class='ocrx_word' id='word_1_72' title='bbox 1056 1535 1255 1640; x_wconf 73' lang='lat' dir='ltr'><strong>hrgumenta</strong></span> 
     </span>
     <span class='ocr_line' id='line_1_12' title="bbox 246 1658 1253 1761; baseline -0.005 -26"><span class='ocrx_word' id='word_1_73' title='bbox 246 1673 286 1735; x_wconf 90' lang='lat' dir='ltr'><strong>ab</strong></span> <span class='ocrx_word' id='word_1_74' title='bbox 302 1667 484 1735; x_wconf 78' lang='lat' dir='ltr'><strong>Aristotele</strong></span> <span class='ocrx_word' id='word_1_75' title='bbox 505 1672 635 1761; x_wconf 86' lang='lat' dir='ltr'><strong>prolata</strong></span> <span class='ocrx_word' id='word_1_76' title='bbox 658 1669 711 1755; x_wconf 88' lang='lat' dir='ltr'><strong>(cf.</strong></span> <span class='ocrx_word' id='word_1_77' title='bbox 728 1669 874 1758; x_wconf 79' lang='lat' dir='ltr'><strong>metaph.</strong></span> <span class='ocrx_word' id='word_1_78' title='bbox 888 1669 965 1734; x_wconf 88' lang='lat' dir='ltr'><strong>Vlt.</strong></span> <span class='ocrx_word' id='word_1_79' title='bbox 981 1668 1032 1732; x_wconf 89' lang='grc'><strong>16.</strong></span> <span class='ocrx_word' id='word_1_80' title='bbox 1048 1676 1081 1732; x_wconf 88' lang='grc' dir='ltr'><strong>Ζ.</strong></span> <span class='ocrx_word' id='word_1_81' title='bbox 1104 1658 1253 1755; x_wconf 79' lang='lat' dir='ltr'><strong>p.157.),</strong></span> 
     </span>
     <span class='ocr_line' id='line_1_13' title="bbox 230 1767 1253 1873; baseline -0.001 -26"><span class='ocrx_word' id='word_1_82' title='bbox 230 1782 408 1868; x_wconf 84' lang='lat' dir='ltr'><strong>&#39;siquidem</strong></span> <span class='ocrx_word' id='word_1_83' title='bbox 422 1783 516 1848; x_wconf 86' lang='lat' dir='ltr'><strong>ideae</strong></span> <span class='ocrx_word' id='word_1_84' title='bbox 535 1784 621 1849; x_wconf 88' lang='lat' dir='ltr'><strong>nihil</strong></span> <span class='ocrx_word' id='word_1_85' title='bbox 636 1767 845 1873; x_wconf 34' lang='lat' dir='ltr'><strong>essent,&#39;nisi</strong></span> <span class='ocrx_word' id='word_1_86' title='bbox 866 1781 1019 1864; x_wconf 87' lang='lat' dir='ltr'><strong>numeri,</strong></span> <span class='ocrx_word' id='word_1_87' title='bbox 1040 1770 1115 1846; x_wconf 82' lang='lat' dir='ltr'><strong>rem</strong></span> <span class='ocrx_word' id='word_1_88' title='bbox 1139 1782 1253 1871; x_wconf 83' lang='lat' dir='ltr'><strong>minus</strong></span> 
     </span>
     <span class='ocr_line' id='line_1_14' title="bbox 245 1874 1255 1983; baseline 0.002 -25"><span class='ocrx_word' id='word_1_89' title='bbox 245 1888 424 1980; x_wconf 79' lang='lat' dir='ltr'><strong>tangerent.</strong></span> <span class='ocrx_word' id='word_1_90' title='bbox 466 1874 628 1981; x_wconf 82' lang='lat' dir='ltr'><strong>Denique</strong></span> <span class='ocrx_word' id='word_1_91' title='bbox 649 1895 677 1961; x_wconf 89' lang='lat' dir='ltr'><strong>si</strong></span> <span class='ocrx_word' id='word_1_92' title='bbox 697 1896 821 1962; x_wconf 89' lang='lat' dir='ltr'><strong>horum</strong></span> <span class='ocrx_word' id='word_1_93' title='bbox 842 1915 1062 1961; x_wconf 86' lang='lat' dir='ltr'><strong>numerorum</strong></span> <span class='ocrx_word' id='word_1_94' title='bbox 1086 1896 1255 1983; x_wconf 84' lang='lat' dir='ltr'><strong>exempla,</strong></span> 
     </span>
     <span class='ocr_line' id='line_1_15' title="bbox 244 2007 1255 2094; baseline 0.001 -23"><span class='ocrx_word' id='word_1_95' title='bbox 244 2007 355 2092; x_wconf 89' lang='lat' dir='ltr'><strong>qualia</strong></span> <span class='ocrx_word' id='word_1_96' title='bbox 377 2007 492 2074; x_wconf 84' lang='lat' dir='ltr'><strong>relicta</strong></span> <span class='ocrx_word' id='word_1_97' title='bbox 507 2008 675 2084; x_wconf 88' lang='lat' dir='ltr'><strong>videmus,</strong></span> <span class='ocrx_word' id='word_1_98' title='bbox 698 2008 885 2094; x_wconf 87' lang='lat' dir='ltr'><strong>diligentius</strong></span> <span class='ocrx_word' id='word_1_99' title='bbox 900 2031 1088 2085; x_wconf 87' lang='lat' dir='ltr'><strong>versamus,</strong></span> <span class='ocrx_word' id='word_1_100' title='bbox 1108 2008 1169 2072; x_wconf 80' lang='lat' dir='ltr'><strong>vix</strong></span> <span class='ocrx_word' id='word_1_101' title='bbox 1189 2032 1255 2074; x_wconf 90' lang='lat' dir='ltr'><strong>no-</strong></span> 
     </span>
     <span class='ocr_line' id='line_1_16' title="bbox 231 2102 1306 2209; baseline -0.001 -23"><span class='ocrx_word' id='word_1_102' title='bbox 231 2120 293 2186; x_wconf 88' lang='lat' dir='ltr'><strong>&#39;bis</strong></span> <span class='ocrx_word' id='word_1_103' title='bbox 323 2123 595 2209; x_wconf 86' lang='lat' dir='ltr'><strong>persuadebitur,</strong></span> <span class='ocrx_word' id='word_1_104' title='bbox 630 2108 804 2186; x_wconf 74' lang='lat' dir='ltr'><strong>Platonem</strong></span> <span class='ocrx_word' id='word_1_105' title='bbox 836 2121 888 2186; x_wconf 90' lang='lat' dir='ltr'><strong>his</strong></span> <span class='ocrx_word' id='word_1_106' title='bbox 923 2121 1071 2186; x_wconf 89' lang='lat' dir='ltr'><strong>numeris</strong></span> <span class='ocrx_word' id='word_1_107' title='bbox 1108 2102 1254 2207; x_wconf 80' lang='lat' dir='ltr'><strong>singulas</strong></span> <span class='ocrx_word' id='word_1_108' title='bbox 1302 2187 1306 2198; x_wconf 72' lang='grc'>,</span> 
     </span>
     <span class='ocr_line' id='line_1_17' title="bbox 243 2233 1252 2322; baseline -0.001 -23"><span class='ocrx_word' id='word_1_109' title='bbox 243 2233 349 2313; x_wconf 84' lang='lat' dir='ltr'><strong>ideas,</strong></span> <span class='ocrx_word' id='word_1_110' title='bbox 380 2234 464 2301; x_wconf 88' lang='lat' dir='ltr'><strong>sicut</strong></span> <span class='ocrx_word' id='word_1_111' title='bbox 489 2234 597 2322; x_wconf 88' lang='lat' dir='ltr'><strong>dyade</strong></span> <span class='ocrx_word' id='word_1_112' title='bbox 624 2234 811 2311; x_wconf 89' lang='lat' dir='ltr'><strong>scientiam,</strong></span> <span class='ocrx_word' id='word_1_113' title='bbox 839 2233 967 2299; x_wconf 88' lang='lat' dir='ltr'><strong>tetrade</strong></span> <span class='ocrx_word' id='word_1_114' title='bbox 988 2255 1141 2310; x_wconf 89' lang='lat' dir='ltr'><strong>sensum,</strong></span> <span class='ocrx_word' id='word_1_115' title='bbox 1171 2257 1252 2300; x_wconf 86' lang='lat' dir='ltr'><strong>vere</strong></span> 
     </span>
     <span class='ocr_line' id='line_1_18' title="bbox 242 2345 1251 2435; baseline 0.001 -25"><span class='ocrx_word' id='word_1_116' title='bbox 242 2347 415 2411; x_wconf 87' lang='lat' dir='ltr'><strong>exhaustas</strong></span> <span class='ocrx_word' id='word_1_117' title='bbox 430 2359 570 2434; x_wconf 87' lang='lat' dir='ltr'><strong>putasse.</strong></span> <span class='ocrx_word' id='word_1_118' title='bbox 613 2345 678 2410; x_wconf 86' lang='lat' dir='ltr'><strong>Sed</strong></span> <span class='ocrx_word' id='word_1_119' title='bbox 699 2346 808 2434; x_wconf 88' lang='lat' dir='ltr'><strong>potius</strong></span> <span class='ocrx_word' id='word_1_120' title='bbox 824 2368 928 2435; x_wconf 89' lang='lat' dir='ltr'><strong>quum</strong></span> <span class='ocrx_word' id='word_1_121' title='bbox 943 2345 1067 2411; x_wconf 89' lang='lat' dir='ltr'><strong>horum</strong></span> <span class='ocrx_word' id='word_1_122' title='bbox 1081 2346 1251 2432; x_wconf 85' lang='lat' dir='ltr'><strong>quandam</strong></span> 
     </span>
     <span class='ocr_line' id='line_1_19' title="bbox 153 2448 1250 2546; baseline 0.003 -24"><span class='ocrx_word' id='word_1_123' title='bbox 153 2448 155 2453; x_wconf 58' lang='grc'><strong>’</strong></span> <span class='ocrx_word' id='word_1_124' title='bbox 240 2458 492 2523; x_wconf 88' lang='lat' dir='ltr'><strong>similitudinem</strong></span> <span class='ocrx_word' id='word_1_125' title='bbox 507 2459 699 2546; x_wconf 89' lang='lat' dir='ltr'><strong>reperisset,</strong></span> <span class='ocrx_word' id='word_1_126' title='bbox 721 2459 807 2524; x_wconf 94' lang='lat' dir='ltr'><strong>hanc</strong></span> <span class='ocrx_word' id='word_1_127' title='bbox 820 2469 856 2523; x_wconf 90' lang='lat' dir='ltr'><strong>ut</strong></span> <span class='ocrx_word' id='word_1_128' title='bbox 869 2458 1085 2523; x_wconf 88' lang='lat' dir='ltr'><strong>necessariam</strong></span> <span class='ocrx_word' id='word_1_129' title='bbox 1101 2481 1164 2523; x_wconf 88' lang='lat' dir='ltr'><strong>nec</strong></span> <span class='ocrx_word' id='word_1_130' title='bbox 1178 2459 1250 2525; x_wconf 63' lang='lat' dir='ltr'><strong>iosh</strong></span> 
     </span>
     <span class='ocr_line' id='line_1_20' title="bbox 240 2558 1249 2658; baseline 0.004 -24"><span class='ocrx_word' id='word_1_131' title='bbox 240 2558 356 2635; x_wconf 82' lang='lat' dir='ltr'><strong>tultam</strong></span> <span class='ocrx_word' id='word_1_132' title='bbox 380 2570 521 2635; x_wconf 89' lang='lat' dir='ltr'><strong>tenuisse</strong></span> <span class='ocrx_word' id='word_1_133' title='bbox 541 2570 692 2650; x_wconf 85' lang='lat' dir='ltr'><strong>videtur,</strong></span> <span class='ocrx_word' id='word_1_134' title='bbox 713 2592 782 2636; x_wconf 92' lang='lat' dir='ltr'><strong>non</strong></span> <span class='ocrx_word' id='word_1_135' title='bbox 804 2583 872 2635; x_wconf 89' lang='lat' dir='ltr'><strong>tam</strong></span> <span class='ocrx_word' id='word_1_136' title='bbox 893 2592 959 2656; x_wconf 92' lang='lat' dir='ltr'><strong>quo</strong></span> <span class='ocrx_word' id='word_1_137' title='bbox 981 2560 1040 2636; x_wconf 50' lang='lat' dir='ltr'><strong>eos&#39;</strong></span> <span class='ocrx_word' id='word_1_138' title='bbox 1060 2572 1192 2658; x_wconf 85' lang='lat' dir='ltr'><strong>penitus</strong></span> <span class='ocrx_word' id='word_1_139' title='bbox 1212 2572 1249 2638; x_wconf 90' lang='lat' dir='ltr'><strong>in</strong></span> 
     </span>
     <span class='ocr_line' id='line_1_21' title="bbox 239 2663 1247 2777; baseline 0 -29"><span class='ocrx_word' id='word_1_140' title='bbox 239 2682 391 2777; x_wconf 67' lang='lat' dir='ltr'><strong>ideaqum</strong></span> <span class='ocrx_word' id='word_1_141' title='bbox 421 2681 533 2748; x_wconf 90' lang='lat' dir='ltr'><strong>locum</strong></span> <span class='ocrx_word' id='word_1_142' title='bbox 559 2681 790 2764; x_wconf 87' lang='lat' dir='ltr'><strong>substitueret,</strong></span> <span class='ocrx_word' id='word_1_143' title='bbox 827 2706 926 2769; x_wconf 90' lang='lat' dir='ltr'><strong>quam</strong></span> <span class='ocrx_word' id='word_1_144' title='bbox 945 2694 982 2748; x_wconf 88' lang='lat' dir='ltr'><strong>ut</strong></span> <span class='ocrx_word' id='word_1_145' title='bbox 1003 2680 1040 2749; x_wconf 87' lang='lat' dir='ltr'><strong>in</strong></span> <span class='ocrx_word' id='word_1_146' title='bbox 1061 2663 1182 2750; x_wconf 84' lang='lat' dir='ltr'><strong>eorum</strong></span> <span class='ocrx_word' id='word_1_147' title='bbox 1201 2684 1247 2748; x_wconf 91' lang='lat' dir='ltr'><strong>si-</strong></span> 
     </span>
     <span class='ocr_line' id='line_1_22' title="bbox 239 2794 1248 2886; baseline 0.003 -26"><span class='ocrx_word' id='word_1_148' title='bbox 239 2794 426 2860; x_wconf 88' lang='lat' dir='ltr'><strong>militudine</strong></span> <span class='ocrx_word' id='word_1_149' title='bbox 447 2796 605 2883; x_wconf 83' lang='lat' dir='ltr'><strong>cogitatae</strong></span> <span class='ocrx_word' id='word_1_150' title='bbox 624 2795 776 2861; x_wconf 83' lang='lat' dir='ltr'><strong>idearum</strong></span> <span class='ocrx_word' id='word_1_151' title='bbox 800 2794 931 2861; x_wconf 84' lang='lat' dir='ltr'><strong>formae</strong></span> <span class='ocrx_word' id='word_1_152' title='bbox 954 2796 1125 2885; x_wconf 83' lang='lat' dir='ltr'><strong>etspeciei</strong></span> <span class='ocrx_word' id='word_1_153' title='bbox 1144 2797 1248 2886; x_wconf 84' lang='lat' dir='ltr'><strong>signi·</strong></span> 
     </span>
     <span class='ocr_line' id='line_1_23' title="bbox 238 2906 841 2997; baseline 0.002 -24"><span class='ocrx_word' id='word_1_154' title='bbox 238 2906 347 2975; x_wconf 89' lang='lat' dir='ltr'><strong>ficatio</strong></span> <span class='ocrx_word' id='word_1_155' title='bbox 368 2906 534 2995; x_wconf 62' lang='lat' dir='ltr'><strong>quaedam*</strong></span> <span class='ocrx_word' id='word_1_156' title='bbox 551 2906 806 2996; x_wconf 53' lang='lat' dir='ltr'><strong>proponeretur,</strong></span> <span class='ocrx_word' id='word_1_157' title='bbox 838 2991 841 2997; x_wconf 14' lang='grc' dir='ltr'>Ι</span> 
     </span>
     <span class='ocr_line' id='line_1_24' title="bbox 322 3010 1243 3110; baseline 0.001 -23"><span class='ocrx_word' id='word_1_158' title='bbox 322 3010 445 3106; x_wconf 83' lang='lat' dir='ltr'><strong>Magno</strong></span> <span class='ocrx_word' id='word_1_159' title='bbox 459 3030 492 3084; x_wconf 89' lang='lat' dir='ltr'><strong>et</strong></span> <span class='ocrx_word' id='word_1_160' title='bbox 509 3040 630 3106; x_wconf 87' lang='lat' dir='ltr'><strong>parvo,</strong></span> <span class='ocrx_word' id='word_1_161' title='bbox 652 3041 716 3106; x_wconf 85' lang='lat' dir='ltr'><strong>que</strong></span> <span class='ocrx_word' id='word_1_162' title='bbox 733 3022 880 3110; x_wconf 86' lang='lat' dir='ltr'><strong>cepimus</strong></span> <span class='ocrx_word' id='word_1_163' title='bbox 891 3021 929 3088; x_wconf 67' lang='lat' dir='ltr'><strong>‘vi</strong></span> <span class='ocrx_word' id='word_1_164' title='bbox 947 3031 980 3086; x_wconf 89' lang='lat' dir='ltr'><strong>ct</strong></span> <span class='ocrx_word' id='word_1_165' title='bbox 994 3021 1145 3098; x_wconf 88' lang='lat' dir='ltr'><strong>notione,</strong></span> <span class='ocrx_word' id='word_1_166' title='bbox 1172 3044 1243 3088; x_wconf 90' lang='lat' dir='ltr'><strong>rem</strong></span> 
     </span>
     <span class='ocr_line' id='line_1_25' title="bbox 237 3132 1242 3222; baseline -0.001 -22"><span class='ocrx_word' id='word_1_167' title='bbox 237 3135 402 3221; x_wconf 90' lang='lat' dir='ltr'><strong>quandam</strong></span> <span class='ocrx_word' id='word_1_168' title='bbox 426 3132 593 3196; x_wconf 88' lang='lat' dir='ltr'><strong>consecuti</strong></span> <span class='ocrx_word' id='word_1_169' title='bbox 616 3132 711 3197; x_wconf 86' lang='lat' dir='ltr'><strong>nobis</strong></span> <span class='ocrx_word' id='word_1_170' title='bbox 732 3133 905 3209; x_wconf 89' lang='lat' dir='ltr'><strong>videmur,</strong></span> <span class='ocrx_word' id='word_1_171' title='bbox 928 3138 1029 3222; x_wconf 84' lang='lat' dir='ltr'><strong>quain</strong></span> <span class='ocrx_word' id='word_1_172' title='bbox 1050 3135 1086 3200; x_wconf 91' lang='lat' dir='ltr'><strong>in</strong></span> <span class='ocrx_word' id='word_1_173' title='bbox 1105 3134 1242 3200; x_wconf 89' lang='lat' dir='ltr'><strong>Platone</strong></span> 
     </span>
     <span class='ocr_line' id='line_1_26' title="bbox 236 3226 1297 3326; baseline -0.001 -14"><span class='ocrx_word' id='word_1_174' title='bbox 236 3245 309 3312; x_wconf 85' lang='lat' dir='ltr'><strong>fere</strong></span> <span class='ocrx_word' id='word_1_175' title='bbox 329 3226 607 3313; x_wconf 75' lang='lat' dir='ltr'><strong>desiderdbamus.</strong></span> <span class='ocrx_word' id='word_1_176' title='bbox 669 3245 768 3311; x_wconf 90' lang='lat' dir='ltr'><strong>Idcae</strong></span> <span class='ocrx_word' id='word_1_177' title='bbox 788 3269 808 3311; x_wconf 88' lang='lat' dir='ltr'><strong>a</strong></span> <span class='ocrx_word' id='word_1_178' title='bbox 831 3245 1086 3326; x_wconf 84' lang='lat' dir='ltr'><strong>mathematicis,</strong></span> <span class='ocrx_word' id='word_1_179' title='bbox 1113 3248 1242 3314; x_wconf 87' lang='lat' dir='ltr'><strong>mathe-</strong></span> <span class='ocrx_word' id='word_1_180' title='bbox 1295 3238 1297 3243; x_wconf 40' lang='lat'>⁵</span> 
     </span>
     <span class='ocr_line' id='line_1_27' title="bbox 237 3350 1243 3446; baseline 0.001 -22"><span class='ocrx_word' id='word_1_181' title='bbox 237 3360 355 3424; x_wconf 86' lang='lat' dir='ltr'><strong>matica</strong></span> <span class='ocrx_word' id='word_1_182' title='bbox 378 3357 516 3424; x_wconf 83' lang='lat' dir='ltr'><strong>erebus</strong></span> <span class='ocrx_word' id='word_1_183' title='bbox 542 3357 671 3423; x_wconf 87' lang='lat' dir='ltr'><strong>stabant</strong></span> <span class='ocrx_word' id='word_1_184' title='bbox 696 3370 845 3446; x_wconf 88' lang='lat' dir='ltr'><strong>separata</strong></span> <span class='ocrx_word' id='word_1_185' title='bbox 872 3383 935 3426; x_wconf 90' lang='lat' dir='ltr'><strong>nec</strong></span> <span class='ocrx_word' id='word_1_186' title='bbox 963 3350 1140 3424; x_wconf 85' lang='lat' dir='ltr'><strong>commune</strong></span> <span class='ocrx_word' id='word_1_187' title='bbox 1167 3361 1243 3425; x_wconf 72' lang='lat' dir='ltr'><strong>vin-¹</strong></span> 
     </span>
     <span class='ocr_line' id='line_1_28' title="bbox 237 3467 1241 3557; baseline 0 -22"><span class='ocrx_word' id='word_1_188' title='bbox 237 3472 349 3535; x_wconf 87' lang='lat' dir='ltr'><strong>culum</strong></span> <span class='ocrx_word' id='word_1_189' title='bbox 381 3469 457 3536; x_wconf 82' lang='lat' dir='ltr'><strong>satis</strong></span> <span class='ocrx_word' id='word_1_190' title='bbox 485 3483 557 3538; x_wconf 88' lang='lat' dir='ltr'><strong>erat</strong></span> <span class='ocrx_word' id='word_1_191' title='bbox 584 3467 775 3537; x_wconf 89' lang='lat' dir='ltr'><strong>indicatum.</strong></span> <span class='ocrx_word' id='word_1_192' title='bbox 839 3473 879 3537; x_wconf 90' lang='lat' dir='ltr'><strong>In</strong></span> <span class='ocrx_word' id='word_1_193' title='bbox 912 3494 1035 3557; x_wconf 87' lang='lat' dir='ltr'><strong>magno</strong></span> <span class='ocrx_word' id='word_1_194' title='bbox 1070 3482 1182 3536; x_wconf 92' lang='lat' dir='ltr'><strong>autem</strong></span> <span class='ocrx_word' id='word_1_195' title='bbox 1211 3482 1241 3535; x_wconf 89' lang='lat' dir='ltr'><strong>et</strong></span> 
     </span>
     <span class='ocr_line' id='line_1_29' title="bbox 236 3582 1241 3672; baseline -0.001 -25"><span class='ocrx_word' id='word_1_196' title='bbox 236 3605 342 3672; x_wconf 84' lang='lat' dir='ltr'><strong>parvo</strong></span> <span class='ocrx_word' id='word_1_197' title='bbox 364 3582 448 3646; x_wconf 86' lang='lat' dir='ltr'><strong>sicut</strong></span> <span class='ocrx_word' id='word_1_198' title='bbox 477 3584 755 3672; x_wconf 89' lang='lat' dir='ltr'><strong>deprehendimus</strong></span> <span class='ocrx_word' id='word_1_199' title='bbox 786 3584 874 3668; x_wconf 91' lang='lat' dir='ltr'><strong>quod</strong></span> <span class='ocrx_word' id='word_1_200' title='bbox 903 3584 994 3649; x_wconf 79' lang='lat' dir='ltr'><strong>ideas</strong></span> <span class='ocrx_word' id='word_1_201' title='bbox 1021 3592 1054 3648; x_wconf 87' lang='lat' dir='ltr'><strong>et</strong></span> <span class='ocrx_word' id='word_1_202' title='bbox 1084 3605 1241 3652; x_wconf 85' lang='lat' dir='ltr'><strong>numeros</strong></span> 
     </span>
     <span class='ocr_line' id='line_1_30' title="bbox 235 3694 1240 3782; baseline -0.001 -22"><span class='ocrx_word' id='word_1_203' title='bbox 235 3695 357 3760; x_wconf 85' lang='lat' dir='ltr'><strong>arctius</strong></span> <span class='ocrx_word' id='word_1_204' title='bbox 391 3698 583 3780; x_wconf 84' lang='lat' dir='ltr'><strong>conjungat,</strong></span> <span class='ocrx_word' id='word_1_205' title='bbox 618 3695 664 3761; x_wconf 90' lang='lat' dir='ltr'><strong>ita</strong></span> <span class='ocrx_word' id='word_1_206' title='bbox 694 3706 727 3760; x_wconf 91' lang='lat' dir='ltr'><strong>et</strong></span> <span class='ocrx_word' id='word_1_207' title='bbox 756 3696 844 3782; x_wconf 89' lang='lat' dir='ltr'><strong>quod</strong></span> <span class='ocrx_word' id='word_1_208' title='bbox 879 3696 1030 3761; x_wconf 88' lang='lat' dir='ltr'><strong>idearum</strong></span> <span class='ocrx_word' id='word_1_209' title='bbox 1066 3694 1240 3780; x_wconf 84' lang='lat' dir='ltr'><strong>cogitatam</strong></span> 
     </span>
     <span class='ocr_line' id='line_1_31' title="bbox 234 3800 1241 3896; baseline -0.001 -24"><span class='ocrx_word' id='word_1_210' title='bbox 234 3807 377 3896; x_wconf 88' lang='lat' dir='ltr'><strong>speciem</strong></span> <span class='ocrx_word' id='word_1_211' title='bbox 399 3807 496 3892; x_wconf 87' lang='lat' dir='ltr'><strong>spatii</strong></span> <span class='ocrx_word' id='word_1_212' title='bbox 518 3819 654 3873; x_wconf 87' lang='lat' dir='ltr'><strong>naturae</strong></span> <span class='ocrx_word' id='word_1_213' title='bbox 674 3803 765 3894; x_wconf 85' lang='lat' dir='ltr'><strong>quasi</strong></span> <span class='ocrx_word' id='word_1_214' title='bbox 788 3808 963 3887; x_wconf 80' lang='lat' dir='ltr'><strong>informet,</strong></span> <span class='ocrx_word' id='word_1_215' title='bbox 985 3800 1025 3873; x_wconf 85' lang='lat' dir='ltr'><strong>ad</strong></span> <span class='ocrx_word' id='word_1_216' title='bbox 1047 3830 1164 3894; x_wconf 77' lang='lat' dir='ltr'><strong>rerum</strong></span> <span class='ocrx_word' id='word_1_217' title='bbox 1184 3830 1241 3872; x_wconf 86' lang='lat' dir='ltr'><strong>ve-</strong></span> 
     </span>
     <span class='ocr_line' id='line_1_32' title="bbox 156 3918 1240 4009; baseline 0.002 -26"><span class='ocrx_word' id='word_1_218' title='bbox 156 3972 172 3983; x_wconf 92' lang='lat'><strong>..</strong></span> <span class='ocrx_word' id='word_1_219' title='bbox 234 3921 366 3987; x_wconf 87' lang='lat' dir='ltr'><strong>ritatem</strong></span> <span class='ocrx_word' id='word_1_220' title='bbox 394 3918 543 3984; x_wconf 88' lang='lat' dir='ltr'><strong>traducat</strong></span> <span class='ocrx_word' id='word_1_221' title='bbox 568 3932 666 4006; x_wconf 89' lang='lat' dir='ltr'><strong>atque</strong></span> <span class='ocrx_word' id='word_1_222' title='bbox 691 3920 737 3985; x_wconf 91' lang='lat' dir='ltr'><strong>ita</strong></span> <span class='ocrx_word' id='word_1_223' title='bbox 765 3918 918 4009; x_wconf 86' lang='lat' dir='ltr'><strong>idearum</strong></span> <span class='ocrx_word' id='word_1_224' title='bbox 946 3931 979 3985; x_wconf 89' lang='lat' dir='ltr'><strong>et</strong></span> <span class='ocrx_word' id='word_1_225' title='bbox 1007 3942 1123 3985; x_wconf 86' lang='lat' dir='ltr'><strong>rerum</strong></span> <span class='ocrx_word' id='word_1_226' title='bbox 1148 3940 1240 3985; x_wconf 88' lang='lat' dir='ltr'><strong>ccm-</strong></span> 
     </span>
     <span class='ocr_line' id='line_1_33' title="bbox 224 4013 1241 4122; baseline 0 -24"><span class='ocrx_word' id='word_1_227' title='bbox 224 4013 430 4098; x_wconf 77' lang='lat' dir='ltr'><strong>⁸munionem</strong></span> <span class='ocrx_word' id='word_1_228' title='bbox 445 4031 627 4098; x_wconf 81' lang='lat' dir='ltr'><strong>constituat.</strong></span> <span class='ocrx_word' id='word_1_229' title='bbox 650 4031 727 4117; x_wconf 91' lang='lat' dir='ltr'><strong>Quo</strong></span> <span class='ocrx_word' id='word_1_230' title='bbox 742 4033 909 4122; x_wconf 84' lang='lat' dir='ltr'><strong>pertinent</strong></span> <span class='ocrx_word' id='word_1_231' title='bbox 921 4033 987 4098; x_wconf 92' lang='lat' dir='ltr'><strong>duo</strong></span> <span class='ocrx_word' id='word_1_232' title='bbox 1002 4031 1150 4097; x_wconf 80' lang='lat' dir='ltr'><strong>maxime</strong></span> <span class='ocrx_word' id='word_1_233' title='bbox 1160 4033 1241 4099; x_wconf 81' lang='lat' dir='ltr'><strong>loce.</strong></span> 
     </span>
    </p>
   </div>
   <div class='ocr_carea' id='block_1_3' title="bbox 0 0 1316 4680">
    <p class='ocr_par' dir='ltr' id='par_1_3' title="bbox 0 0 1316 4680">
     <span class='ocr_line' id='line_1_34' title="bbox 0 0 1316 4680; baseline 0 4"><span class='ocrx_word' id='word_1_234' title='bbox 0 0 1316 4680; x_wconf 95' lang='lat' dir='ltr'><strong> </strong></span> 
     </span>
    </p>
   </div>
  </div>
 </body>
</html>
