2624 4680
580 279 730 375 ⁴¹².-

150 464 309 542 qnatenus
329 451 409 521 boni
431 451 577 518 maxime
604 446 713 544 ideam
734 448 929 540 respiciunt,
949 449 1150 536 subjungen-

80 550 82 554 Α
129 558 225 632 vdus'
247 576 295 632 est
329 565 438 642 locus,
477 583 575 650 quem
603 563 669 642 iam
704 564 930 645 laudavimus,
964 561 1155 657 metaphys.-

66 704 69 722 ·
116 741 120 753 ,
149 679 176 745 1.
197 672 240 748 6.
257 689 343 751 extr.
372 681 412 747 A.
447 699 482 766 p.
493 679 547 744 22.
576 677 657 744 adit.
676 676 843 773 Brundis.
871 677 928 743 ubi
954 688 988 743 et
1017 674 1099 761 boni
1118 684 1157 740 ct«

38 819 41 825 ·
79 786 83 795 ’
148 791 230 857 mali
250 784 432 879 principia,
466 812 545 855 cum
563 789 622 868 iis,
649 812 733 878 quae
752 789 794 855 de
813 789 896 855 ideis
916 787 1046 854 tradita¹
1065 766 1177 865 ‘siant'⁴

149 902 391 973 consociantur.
446 899 626 986 Quomodo
645 901 740 991 ideae
761 900 990 967 mathematica
1009 900 1155 967 omnino·
1184 930 1189 936 ·

149 1004 191 1081 ct
203 1037 361 1083 numeros
388 1014 534 1080 maxime
554 1013 672 1079 intima
691 1014 834 1106 quadam
854 1011 1052 1100 cognatione
1072 1012 1150 1080 Pla·

148 1129 220 1195 toni
241 1128 424 1216 attigerint,
445 1125 517 1192 aliis
539 1126 619 1192 locis
639 1126 823 1215 explicatur
853 1136 887 1191 et
900 1123 1149 1194 'multis'maxi-

147 1259 245 1335 mee
274 1237 575 1327 metaphysicorum
609 1237 700 1304 libris
728 1218 856 1304 duobus
877 1238 1030 1316 ultimis,
1065 1258 1149 1324 quae

149 1376 190 1420 co
231 1351 395 1437 maiorem
441 1350 564 1421 liabent
608 1350 813 1437 cantionem,
868 1372 934 1439 qpo
975 1350 1155 1434 obscurior·

147 1465 294 1531 Platonis
323 1485 422 1552 saepe
450 1448 672 1548 significatio-⁶
698 1462 849 1529 Certiora
868 1463 926 1538 illa
945 1463 1038 1539 sunt,
1053 1483 1171 1549 =quac

1 1658 3 1668 y
60 1590 64 1602 ‘
95 1624 100 1663 ·.
124 1565 128 1574 ¹
149 1563 323 1666 de'dnplici
337 1575 640 1643 infinito'al‘latoue
652 1575 759 1665 posito
770 1573 1149 1677 pluribusphysicprum

146 1689 242 1766 locis,
257 1688 414 1776 leguntur
428 1689 456 1756 I.
468 1685 509 1752 4.“
523 1688 584 1754 111.
598 1688 630 1752 4.
651 1689 713 1756 111.
727 1688 764 1756 6.Ι
810 1685 940 1771 Quibus
967 1686 1049 1752 locis
1071 1686 1154 1765 addi¹

148 1802 246 1881 dubet
267 1804 309 1869 de
331 1801 443 1869 anima
464 1802 489 1866 Ι.
506 1802 559 1882 2..
582 1800 675 1867 locus
697 1799 979 1869 decumanorum
1000 1798 1172 1871 doctrina-

58 1900 61 1906 ¹
126 1914 330 2009 ,admodum
348 1913 584 1981 memorabilia.
612 2003 614 2007 Ι
1107 1901 1113 1907 ’

130 2075 134 2080 ι
178 2027 317 2092 ι«διιιιῑ
341 2027 484 2115 denique
505 2026 593 2102 loca,
616 2045 701 2111 quae
720 2024 895 2091 Platonem
914 2022 1052 2095 uomina
1072 2023 1148 2111 qui-
1187 2096 1190 2101 ,

112 2178 115 2183 ,
147 2139 225 2206 dem
248 2139 428 2226 attingunt,
463 2139 520 2205 sed
541 2137 644 2224 magis
667 2138 927 2224 praetereundo,
964 2159 1066 2223 quam
1089 2159 1151 2202 ex-

145 2242 314 2341 plicando.
355 2254 406 2319 lta
426 2251 561 2339 quidem
583 2247 767 2340 metaphys·
788 2249 814 2313 Ι.
829 2247 863 2316 ’1.
881 2252 924 2318 Α.
947 2273 980 2340 p.
990 2250 1044 2316 32.
1068 2250 1147 2319 edit.

25 2366 28 2374 '
146 2364 283 2447 Brund,
303 2365 345 2431 dc
364 2361 744 2453 puncto‘mathematico.
767 2360 876 2429 111.1.
897 2365 939 2430 B.
953 2385 986 2450 p.
998 2362 1053 2430 42.
1068 2363 1148 2434 edit.
1173 2388 1175 2395 ·

144 2476 288 2557 Brand.,
308 2473 344 2542 τὸ
366 2481 400 2541 ἓν
412 2475 463 2541 sat
482 2471 518 2541 ad
538 2471 584 2541 tls.
609 2471 716 2542 1V.o.
736 2479 775 2540 Γ.
797 2498 830 2562 p.
844 2474 899 2545 80.
920 2475 1150 2555 edit'Brand,

146 2588 227 2656 dicti
249 2612 268 2655 e
289 2589 419 2674 dialogo
441 2586 585 2674 quodam
593 2636 610 2665 ,.
629 2597 667 2653 ut
686 2587 835 2664 videtur,
864 2588 998 2653 mentio.
1032 2578 1078 2655 V.
1096 2586 1149 2662 11.

20 2681 42 2775 s
144 2706 183 2772 Δ.
205 2722 241 2789 p.
255 2698 328 2765 103.
358 2701 434 2765 edit.
455 2699 577 2781 Brapd.
608 2699 650 2766 de
678 2701 822 2787 quadam
842 2699 995 2790 priorum
1021 2712 1056 2767 ct
1086 2723 1151 2793 po·

144 2815 321 2883 steriorum
366 2811 540 2878 divisione.
570 2811 646 2879 VI.
680 2815 712 2880 2.
746 2819 796 2888 ΙΕ.
845 2836 880 2902 p.
905 2811 976 2879 124.
1023 2812 1149 2899 Brund.

10 2970 12 2973 -
145 2924 187 2990 ci.
208 2926 272 2992 Xl.
294 2925 326 2991 8.
350 2929 396 2990 K.
423 2947 445 3013 p
469 2924 545 2989 227.
566 2927 603 2991 in
633 2946 776 3010 quanam
806 2947 845 2991 rc
873 2916 1049 3017 sophistica
1070 2949 1150 2992 ver·

144 3048 253 3117 setur,
283 3037 346 3104 ubi·
369 3036 457 3101 haud
487 3036 586 3103 dubie
613 3036 760 3103 Platonis
788 3037 934 3129 sophista
962 3023 1149 3127 respicitur.

78 3204 83 3223 .
120 3232 123 3239 ¹
143 3150 224 3219 VII.
237 3153 270 3217 2.
291 3157 326 3216 Ζ.
346 3173 379 3239 p.
395 3147 468 3216 129.
489 3149 613 3216 Brand.
637 3148 678 3214 de
691 3173 806 3216 rerum
827 3151 1009 3238 generibus
1024 3146 1149 3217 diuisis.

145 3263 228 3329 XII.
247 3261 281 3329 3.
301 3266 345 3329 Λ.
363 3287 401 3352 p.
413 3261 489 3329 242.
508 3261 587 3329 edit.
607 3260 732 3329 Brand.
755 3263 799 3328 de
830 3264 922 3328 ideis·
949 3263 1029 3328 Xll.
1051 3261 1082 3326 6.
1104 3267 1149 3330 Α.

144 3395 179 3463 p.
193 3365 269 3439 247.
297 3375 431 3442 Timaei
451 3374 589 3440 fortasse
609 3375 746 3442 mentio.
783 3377 881 3445 Xlll.
895 3376 934 3443 .8.
952 3357 1006 3441 Μ.
1023 3397 1056 3463 p.
1069 3374 1147 3442 278.

20 3546 31 3556 ,
145 3487 220 3552 edit
237 3486 360 3553 Brund.
384 3488 426 3553 de
446 3502 666 3552 numerorum
686 3486 831 3573 genuina
847 3499 976 3562 natura.
997 3490 1098 3563 XIV.
1115 3490 1148 3561 3.

147 3601 192 3679 N.
211 3623 245 3688 p.
258 3599 332 3664 299.
362 3597 442 3668 edit.
472 3597 596 3663 Brand.
624 3597 923 3669 decumanorum
953 3617 1048 3685 ortu,
1090 3607 1151 3674 ubi

145 3711 214 3776 κατ’
234 3717 349 3778 ἐκεῖνον
367 3708 444 3776 satis
460 3710 632 3797 perspicue
646 3711 817 3780 Platonem
836 3716 967 3784 indicat.
1010 3718 1086 3784 Eth.
1105 3721 1149 3786 ad

135 3827 276 3890 'Nicom
293 3824 326 3888 Ἰ.
340 3824 370 3889 2.
392 3822 435 3886 de
454 3824 635 3907 quaerendi
664 3824 769 3891 initio.
829 3826 957 3914 Quibus
980 3814 1068 3898 locis¹
1085 3834 1148 3899 etsi

85 3935 112 3951 '¹
148 3956 247 4026 parca
269 3947 398 4004 tantum
418 3930 575 4035 Platonis
588 3938 731 4019 mentio,
767 3950 877 4015 tamen
892 3941 996 4032 plura
1019 3965 1149 4024 eorum,
