2624 4680
713 323 756 387 94

200 489 202 494 ’
232 495 288 577 τὴν
302 496 356 576 μὲν
376 489 462 580 ἐγγὺς
481 493 532 558 uni
555 490 660 558 etatae
678 519 757 572 πως,
779 491 835 576 τὴν
856 490 951 622 5555,
971 488 1029 576 τήν
1046 490 1080 557 55
1101 491 1242 573 στέρησιν

233 598 401 680 oiniapo'ie.¹
426 599 456 661 oi
483 590 569 660 55
540 619 575 659 το
596 595 639 680 μὴ
662 592 697 661 tv
718 595 753 661 τὸ
776 600 851 681 μέγα
872 599 925 663 καὶ
948 593 982 661 τὸ
1004 589 1110 679 μικρὸν
1132 590 1255 672 ὁμοίως·
1282 645 1284 650 ,

233 697 306 785 515
328 691 571 782 συναμφότερον,
600 695 620 780 5
644 697 680 762 τὸ
701 700 803 786 χωρὶς
808 697 1021 783 5ucitepoeetc.
1072 693 1244 761 Aristote-

235 804 282 870 les
305 801 498 875 materiam,
523 809 560 862 ut
582 797 734 877 dicit,
704 825 739 864 ro
761 799 817 864 οὐκ
838 797 874 865 tv
895 799 1007 864 statuit
1028 793 1106 862 uaris
1127 797 1243 878 συμβε-

117 945 120 951 ·
235 893 349 994 55²5&
369 923 438 966 non
461 910 637 987 propterea
656 900 745 986 quod
766 903 837 988 ipsa
857 923 920 989 per
941 923 977 966 se
998 912 1068 964 non
1088 908 1154 972 est,
1183 893 1244 959 ‘sed

63 1064 67 1071 ,
178 1033 180 1037 ’
237 1005 327 1090 (μιοάμ
349 1003 493 1091 privatio
520 997 560 1086 (5
576 1001 751 1087 στέρησις),
780 1024 865 1087 quae
893 1013 941 1068 est
962 999 1111 1086 negatio,
1142 997 1178 1062 in
1206 1017 1245 1058 ea
1284 1022 1286 1028 ·

237 1119 308 1169 sese
337 1101 536 1167 manifestat.
588 1103 750 1169 Platonici
779 1126 880 1181 vero,
911 1115 949 1168 ut
979 1101 1171 1181 materiam,
1199 1097 1244 1162 ita

184 1243 189 1255 «
239 1227 398 1291 magnum
419 1216 451 1313 et
479 1227 624 1292 parvum
646 1200 689 1325 p5
710 1202 746 1270 tv
768 1206 954 1271 nominasse
975 1205 1150 1281 videntur,
1173 1213 1247 1266 tum

136 1344 141 1358 ·
240 1307 329 1394 quod
357 1305 441 1384 uni,
468 1311 510 1391 τῷ
531 1301 626 1383 ὅντως
648 1303 731 1385 tim,
759 1308 964 1394 oppositum,
992 1317 1064 1370 tum
1084 1291 1273 1390 quatenus

125 1430 129 1437 ·
175 1470 176 1475 ,
220 1404 325 1486 'nihil
348 1420 396 1473 est
416 1431 478 1496 per
498 1432 553 1486 se,
573 1431 612 1473 ac
633 1406 899 1474 solummodo
866 1435 900 1474 zo
923 1413 977 1474 τοῦ
997 1404 1086 1483 ὄντος
1108 1399 1248 1479 δυνατόν,
1297 1479 1299 1483 ,

239 1512 309 1576 aive
330 1509 530 1575 idearum
504 1532 575 1574 slve
597 1534 711 1575 rerum
733 1510 889 1577 conditio.

298 1611 362 1675 Si
381 1611 533 1675 omnihus
553 1610 620 1686 his,
644 1634 724 1698 quas
740 1635 783 1677 ex
797 1590 976 1702 Aristotele
992 1606 1248 1698 depromimus,

169 1799 172 1808 α
240 1712 410 1785 sententiis
432 1713 467 1777 id
491 1713 628 1778 demum
649 1736 818 1779 summum
841 1723 1003 1801 spectatae
1025 1712 1104 1776 fidei
1120 1721 1169 1775 est
1186 1710 1249 1774 do-

242 1825 454 1892 cumentum,
500 1826 538 1878 ut
572 1837 642 1880 non
681 1817 789 1880 solum
826 1815 971 1881 Platonis
1007 1810 1248 1903 philosophiae,

242 1916 347 2002 qualis
370 1915 406 1979 in
430 1914 568 2002 dialogis
589 1916 710 2004 ipsese
732 1918 855 2006 aperit,
877 1939 946 1981 non
963 1923 1168 2004 repugnent,
1189 1910 1249 1976 sed

240 2031 278 2090 ,ut
300 2016 336 2081 in
359 2016 421 2087 hac
441 2017 532 2082 locos
545 2031 546 2034 ’
560 2007 749 2097 inveniant,
777 2016 895 2105 quibus
922 2039 993 2082 sese
1013 2016 1197 2101 adjungant
1216 2023 1250 2078 et

242 2143 324 2207 quos
344 2119 591 2205 quodammodo
611 2121 801 2209 suppleant:
822 2120 884 2184 hac
904 2119 1038 2205 quidem
1060 2117 1192 2183 ratione
1211 2115 1250 2180 in

146 2231 149 2236 '
242 2220 382 2307 singulis
406 2221 545 2308 dialogis
574 2223 661 2288 haud
688 2225 794 2289 multa
813 2223 911 2304 hujus
937 2221 1050 2307 magni
1077 2230 1111 2285 et
1136 2215 1250 2308 parvi,

216 2371 217 2374 η
242 2335 275 2400 et
297 2347 431 2404 eornm,
453 2335 537 2409 quae
558 2348 600 2389 ex
619 2326 661 2391 iis
679 2325 911 2410 consequentia
926 2323 1088 2404 uidimus,
1111 2319 1251 2406 vestigia

203 2488 212 2500 .,
243 2448 397 2512 expressa
415 2438 447 2490 et
462 2426 552 2511 quasi
573 2412 798 2513 praeformata
812 2427 940 2492 semina
959 2420 1250 2513 deprehendimus.

223 2543 225 2546 ·
244 2522 344 2609 Quod
366 2526 403 2590 in
424 2525 514 2591 hunc
545 2527 646 2594 finem
669 2529 710 2593 ab
731 2530 802 2617 ipsa
823 2528 902 2593 inde
923 2525 1113 2613 antiquitate
1134 2523 1253 2590 Phile·

244 2627 324 2702 bum
346 2627 505 2707 afferunt,
532 2629 661 2694 Philehi
684 2642 773 2696 certe
799 2627 925 2714 ἄπειρον
947 2634 989 2714 τῷ
1009 2631 1119 2710 πέρατι
1140 2649 1252 2714 oppo-

31 2771 34 2780 =
120 2808 147 2817 Κ,
241 2730 343 2794 situm
366 2727 479 2817 (pte.
500 2753 528 2796 c.
544 2753 591 2816 sq.
610 2731 737 2820 Steph.)
768 2744 959 2818 cognatum·
973 2740 1038 2806 est,
1067 2741 1101 2794 et
1122 2740 1249 2806 nostra,

243 2832 327 2915 qua'e
356 2850 398 2896 ex
418 2829 600 2898 Aristotele
627 2836 859 2921 repetivimus,
893 2833 1032 2898 sortasse
1055 2837 1133 2896 erat
1148 2852 1250 2917 prae-

242 2945 448 3018 paraturum.
491 2935 556 3000 Sed
579 2958 779 3023 quamquam
799 2939 834 3002 in
858 2936 996 3008 Philebo
1013 2931 1048 2999 τὸ
1070 2931 1196 3016 ἄπειρον
1214 2942 1248 2997 et

186 3077 192 3085 ι
242 3031 280 3097 τὰ
300 3031 401 3099 πολλοὶ
422 3047 510 3100 arcte
527 3038 699 3118 conjuncta
719 3053 812 3118 sunt,
831 3051 944 3104 tamen
965 3035 1048 3116 illud
1069 3058 1136 3100 non
1157 3045 1249 3098 tanta

165 3150 169 3154 “
237 3147 291 3210 est
310 3137 360 3216 vi,
384 3151 504 3226 quanta
525 3141 613 3226 apud
633 3141 847 3206 Aristotelem
870 3151 1025 3229 apparet3
1047 3137 1084 3202 in
1108 3134 1249 3199 Philebo
1295 3170 1298 3175 ·

242 3237 344 3324 magis
371 3239 408 3307 in
435 3240 572 3326 singulis
599 3243 698 3306 rebus
730 3243 915 3319 detentum,
951 3242 1062 3307 minus
1089 3238 1248 3326 generale

238 3359 303 3431 per
316 3363 350 3404 se
365 3342 584 3432 principium,
607 3367 720 3410 rerum
738 3342 809 3409 fere
827 3344 1075 3410 universitatem
1090 3340 1248 3427 gignens3

163 3469 166 3484 ·
240 3452 399 3510 nontam
426 3444 537 3534 ipsum
566 3469 697 3532 quoque
720 3446 873 3511 idearum
896 3446 1114 3520 elementum,
1146 3463 1249 3528 quam

199 3588 201 3595 -
240 3542 281 3614 ab
302 3543 385 3615 ideis
407 3560 593 3615 avocatum.
649 3547 748 3630 Quod
779 3546 881 3613 facile
899 3547 1038 3632 patebit,
1066 3546 1095 3611 si
1115 3544 1248 3630 singula

241 3643 275 3709 in
297 3644 434 3713 Philebo
454 3649 576 3736 infiniti
598 3651 749 3739 exempla
770 3672 965 3739 comparare
991 3647 1162 3737 placuerit·
1208 3644 1248 3711 Si

241 3770 262 3813 ο
281 3746 420 3814 Philebo
444 3748 478 3816 τὸ
501 3755 617 3831 μᾶλλον
650 3756 700 3818 καὶ
722 3744 816 3838 ἧιτόν
855 3751 964 3840 (pet.
984 3748 1016 3817 b.'
1033 3772 1080 3836 sq.
1102 3744 1246 3836 steph),

239 3869 324 3936 quae
346 3850 415 3940 ipsa
442 3851 565 3940 ἀπειρίᾳ
593 3856 821 3935 continentur,
859 3877 936 3921 cum
965 3852 1029 3917 hoe
1052 3850 1247 3918 Aristotelis

237 3973 359 4043 magno
382 3966 414 4026 et
434 3977 540 4044 parvo
562 3957 678 4025 collata
699 3970 791 4024 sunta
821 3957 856 4024 id
879 3957 988 4026 minus
1009 3965 1125 4044 aptum
1147 3953 1246 4022 vide·
