2624 4680
729 321 773 386 82

245 496 343 564 dunt.
387 496 427 561 ln
449 516 606 560 numeros
628 490 815 556 antemnae
835 491 963 557 ratione
979 491 1070 580 prius
1090 503 1124 556 et
1147 501 1259 580 poste-

251 613 321 678 rius
343 609 446 687 cadit3
468 606 632 696 posterior
657 605 747 671 enim
764 606 1021 669 conmodorum
1042 604 1129 669 serie
1152 603 1261 692 priori

71 779 75 789 .
145 713 152 719 ’
252 739 408 811 tauquam
431 720 621 786 conditione
644 718 761 783 nititur
781 739 924 802 eumque
946 716 1107 782 continet:
1146 716 1262 801 Quare

253 835 440 903 cummunis
474 834 627 900 omnium
665 853 883 895 numerorum
911 829 987 895 idea
1021 827 1096 915 (τῶν
1118 829 1262 914 ἀριθμῶν

252 949 333 1032 tosa)
355 947 467 1038 parari
489 971 558 1032 uon
587 941 698 1010 licuit.'
733 942 860 1026 Singuli
882 964 964 1013 vero
987 941 1139 1018 numeri,
1164 964 1262 1031 prae-

253 1065 369 1130 sertim
389 1056 594 1148 ἀσύμβλητοι,
629 1055 803 1141 inquibus
830 1078 892 1142 per
919 1078 955 1119 se
984 1053 1148 1137 ejusmodi
1177 1053 1260 1120 ratio
1301 1060 1304 1068 '

254 1201 322 1243 non
338 1175 480 1253 obtinet,
502 1171 678 1260 quominus
698 1168 790 1249 ideae
806 1166 902 1243 fiant,
923 1166 975 1231 his
991 1188 1058 1232 non
1078 1165 1264 1254 prohiben-
1295 1198 1298 1202 ’

223 1336 228 1347 ·
254 1302 317 1357 tur.
359 1288 410 1352 Ita
433 1287 524 1374 prius
547 1297 579 1351 et
599 1282 762 1374 posterius
785 1256 1119 1345 admarhematicum
1143 1282 1264 1346 nu'me-

218 1476 221 1483 ,
254 1427 331 1469 rum
356 1401 532 1465 remissum
554 1409 611 1463 est.
664 1397 752 1471 ‚Hoc
781 1404 813 1456 ct
838 1403 976 1480 propter
997 1392 1047 1456 rei
1070 1403 1104 1457 et
1124 1405 1263 1482 propter

255 1517 319 1583 loci
337 1514 383 1578 de
405 1513 512 1601 priori
533 1523 565 1576 et
590 1506 766 1598 posteriori
788 1525 983 1568 consensum
1011 1505 1264 1587 stare-videtur,

257 1640 296 1694 ut
316 1612 497 1692 verborum
526 1645 567 1687 ex
589 1621 703 1686 ethicis
728 1618 808 1683 fides
825 1615 962 1682 'elevari
984 1639 1051 1681 uon
1074 1616 1203 1683 debeat.
1224 1656 1265 1670 -

257 1741 322 1804 Sed
348 1727 428 1824 quid
448 1736 581 1801 taudem
596 1734 700 1797 altero
722 1728 1027 1823 metaphysicorum
1048 1729 1125 1794 loco
1141 1729 1267 1798 facien·

260 1851 363 1917 dum?
406 1850 508 1913 Plane
529 1847 620 1933 euim
638 1844 839 1909 adversetur.
882 1840 920 1904 Si
937 1839 1095 1907 mendum
1114 1864 1266 1928 quaeras,

231 1960 234 1965 ’
260 1964 325 2040 hic,
345 1964 381 2028 in
405 1983 471 2047 quo
495 1959 575 2026 levis
598 1968 729 2022 tantum
752 1954 877 2033 notitia,
897 1951 1024 2032 majore
1043 1952 1138 2032 jure,
1168 1977 1266 2042 quam

259 2077 317 2143 ille
338 2073 540 2152 ethicorum,
567 2072 602 2147 in
627 2053 692 2155 ¹'qiru
716 2068 830 2132 omnia
856 2064 999 2130 firmiter
1019 2065 1083 2130 sibi
1106 2081 1266 2147 constent,

260 2191 296 2256 in
317 2187 538 2274 suspicionem
559 2183 712 2249 incurrit.
763 2180 813 2245 Ut
834 2178 946 2243 omnia
967 2179 1056 2244 inter
1075 2203 1111 2245 se
1137 2162 1267 2270 conspi7

104 2355 111 2367 .
180 2313 182 2317 ’
261 2313 353 2377 rent,
375 2298 543 2381 conjicias,
565 2295 724 2362 excidisse
745 2291 956 2378 negationem
977 2286 1039 2375 psi,
1060 2295 1266 2361 antecedenti

262 2411 426 2501 particula
440 2410 495 2492 μὲν
515 2408 629 2488 facile,
651 2418 689 2470 ut
703 2405 758 2484 fit,
778 2398 871 2491 qussi
892 2405 1099 2492 absorptam,
1122 2419 1161 2473 ut
1180 2409 1267 2495 lega·
1302 2432 1304 2436 ’

244 2552 246 2558 '
263 2535 319 2588 tur
336 2522 413 2588 sirei
435 2517 506 2597 τοὺς
526 2516 695 2603 ἆριθμοὺς,
718 2514 772 2583 τὸν
792 2518 847 2600 μὲν
867 2514 908 2598 μή
930 2519 1036 2603 ἔχοντα
1058 2515 1093 2583 τὸ
1114 2519 1267 2606 πρόαρον

263 2636 315 2699 καὶ
335 2629 461 2717 ὕστερον
481 2630 533 2710 τὰς
553 2633 644 2708 ἰδέας.
695 2630 807 2716 Quam
827 2631 962 2718 quidem
983 2631 1149 2698 rationem
1168 2634 1267 2720 magis
1292 2658 1296 2665 ·

182 2726 189 2736 Χ
265 2771 334 2813 esse
355 2747 472 2827 ultima
492 2768 641 2832 quaeque
665 2743 881 2832 experientis,
908 2766 1007 2829 quam
1030 2748 1270 2833 componentis,

263 2861 414 2937 libenter,
434 2848 603 2923 confiteor.
667 2857 732 2921 Sed
762 2880 864 2943 quum
894 2879 955 2944 per
981 2880 1017 2921 se
1039 2880 1178 2944 prorsus
1203 2880 1268 2926 nou

262 2972 408 3060 capiam,
431 2971 511 3056 quid
532 2971 574 3033 sit
598 2992 754 3060 numerus
783 2969 879 3056 prius
912 2979 944 3033 et
971 2972 1135 3056 posterius
1162 2973 1268 3038 conti·

263 3107 363 3160 neris,
384 3083 430 3148 ita
452 3081 606 3169 quidem,
627 3092 665 3143 ut
686 3080 748 3144 hac
769 3094 847 3162 nota
870 3082 910 3146 ab
932 3082 1006 3149 aliis
1029 3084 1180 3148 numeris
1197 3106 1268 3149 om·

263 3194 609 3282 nibusdistinguatur:
631 3193 697 3274 jam
711 3195 802 3259 illam
819 3195 1041 3277 conjecturam
1059 3195 1268 3263 retinendam

264 3323 398 3383 censeo,
422 3307 528 3373 donec
550 3305 655 3394 aptius
679 3306 756 3391 quid
780 3306 880 3372 fuerit
902 3318 1085 3395 repertum.

347 3420 383 3484 Si
404 3419 586 3506 quaeritur,
608 3431 688 3504 quot
709 3418 836 3484 suerint
852 3421 985 3485 numeri
1007 3420 1131 3486 ideales
1154 3434 1267 3511 etqua

262 3530 334 3618 lege
362 3552 464 3617 genus
493 3555 611 3596 eorum
638 3531 680 3595 sit
709 3532 995 3620 circumscriptum
1021 3545 1053 3598 et
1082 3533 1268 3613 definitum,

263 3654 300 3707 ut
323 3665 382 3707 uec
402 3646 487 3726 justo
505 3645 618 3731 plures
637 3644 823 3733 irreperent
844 3669 951 3732 neque
972 3646 1027 3712 alii
1050 3647 1268 3715 excluderen-

261 3767 333 3821 tur:
362 3756 396 3820 iu
419 3755 480 3820 hac
503 3778 557 3832 re,
581 3778 679 3842 quam
704 3762 868 3825 rationem
891 3760 986 3824 Plato
1015 3769 1147 3824 secutus
1169 3760 1267 3841 sit,e

243 3867 366 3957 ‚parcis
386 3867 467 3947 illis,
489 3890 572 3955 quae
588 3870 686 3937 nobis
701 3872 814 3938 relicta
828 3883 920 3952 suut,
942 3871 1086 3958 vestigiis
1106 3871 1267 3938 nonsatis
1308 3856 1311 3863 ¹

252 3993 465 4070 perspectum
487 3980 656 4051 habemus.
721 3984 779 4051 Est
799 3996 909 4052 temen
932 3984 1023 4050 locus
1043 3983 1263 4087 physicorum
