2624 4680
638 294 762 417 .ss

272 587 275 592 ,
324 514 362 579 ln
381 515 456 580 loco
473 527 587 581 nostro
602 535 717 607 presso
733 525 765 580 et
783 512 859 578 scre
876 523 1026 577 contorto
1040 525 1118 579 ante
1132 516 1243 581 omniu
1279 508 1294 536 ’·

243 627 420 694 tenendum
443 639 506 703 est,
536 650 602 714 quo
625 626 821 693 Aristoteles
852 648 966 690 omnes
987 625 1045 690 has
1067 630 1243 693 sententias

243 753 399 824 tanquam
424 732 581 812 continuo
610 720 957 829 lilo'complectatum
992 738 1081 822 quod
1112 740 1245 825 quidem

245 864 293 924 est
315 852 416 928 illud,
436 852 558 918 similia
581 851 743 917 similibus
758 851 922 935 cognosci.
966 848 1061 933 Quae
1076 840 1245 935 sententia,

247 952 357 1051 gravis
378 965 436 1028 illa
460 977 492 1030 et
512 989 573 1057 per
594 965 707 1053 plures
729 961 856 1027 scholas
871 973 1074 1054 propagata,
1109 966 1137 1029 si
1160 967 1246 1056 apud

246 1077 482 1166 Empedoclem
512 1077 589 1142 rudi
618 1075 688 1140 fere
712 1087 744 1138 et
770 1065 958 1139 indistincto
988 1074 1178 1162 primordio
1208 1078 1247 1142 ad

217 1276 219 1280 Α
248 1190 366 1255 duram
389 1181 546 1253 materiae
571 1178 814 1259 elementorum
838 1199 988 1251 naturam
1017 1188 1174 1254 adstricta
1195 1201 1252 1270 est,

203 1282 208 1302 Ι
248 1288 341 1368 nullo
371 1313 458 1368 certe
486 1302 559 1366 loco
590 1302 629 1365 ad
653 1303 833 1366 acutiorem
855 1299 1067 1373 subtilitatem
1090 1300 1252 1383 traducta,

247 1436 346 1499 quam
370 1415 434 1480 hoo
456 1425 569 1505 nostro
592 1413 750 1478 Platonis.
803 1411 872 1476 Etsi
895 1411 1056 1492 ejusmodi
1077 1410 1253 1492 rationem,

247 1526 367 1594 similia
392 1526 554 1590 similibus
578 1526 746 1611 cognosci,
774 1524 808 1589 in
834 1546 871 1606 ca
893 1524 1024 1589 Timaei
1049 1536 1168 1610 parte,¹
1197 1525 1254 1590 ubi

248 1637 378 1706 animus
400 1639 562 1724 gignitur,
582 1627 797 1725 significatam
822 1659 888 1700 non
911 1636 1118 1702 invenimus:
1141 1649 1254 1706 tamen

249 1773 286 1814 ea
311 1773 417 1835 neque
440 1773 459 1814 a
480 1750 545 1814 loci
565 1764 699 1823 natura,
729 1773 835 1835 neque
862 1748 902 1831 ab
929 1749 1086 1814 universo
1110 1750 1254 1817 Timaeo

248 1862 353 1933 aliena
371 1861 412 1946 ¹).
447 1861 516 1929 Ubi
532 1861 573 1927 de
590 1863 724 1928 videndi
739 1885 832 1927 causa
848 1871 879 1924 et
896 1861 983 1925 oculi
999 1860 1118 1926 natura
1126 1864 1255 1950 agitur,

181 2040 187 2071 .-
248 1972 409 2040 sententia
430 1974 510 2064 ipsis
531 1975 640 2040 verbis
661 1973 781 2060 legitur
802 1971 907 2051 (Tim.
925 1964 1020 2059 p.45.
1038 1969 1068 2037 'c.
1085 1973 1157 2057 St).
1200 1973 1256 2042 Ac

222 2085 225 2089 ’
249 2084 292 2150 ne
313 2085 386 2171 quis
407 2110 447 2152 eo
468 2087 632 2166 offensus,
654 2085 741 2171 quod
761 2086 854 2150 Plato
877 2084 1025 2150 animum
1041 2107 1084 2149 ex
1104 2086 1256 2153 elemen-

247 2199 287 2262 tis
307 2198 458 2284 genuisse
483 2185 620 2275 dicitur,
646 2195 866 2264 Aristotelem
886 2197 1033 2263 Platonis
1053 2199 1255 2266 sententiam

248 2309 421 2375 detorsisse
449 2312 649 2398 suspicetur,
678 2321 714 2376 ut
735 2308 898 2374 Patricius
925 2309 990 2373 hoc
1017 2328 1151 2397 quoquo
1179 2312 1253 2387 loco

246 2427 291 2512 (p.
302 2421 406 2505 345),
428 2423 633 2498 meminerit,
655 2419 693 2486 τὰ
714 2431 847 2509 στοιχεῖα
867 2421 907 2485 ab
920 2420 1253 2512 Aristotelesaepius

246 2533 416 2604 amateria
439 2534 480 2597 ad
504 2533 658 2619 cogitatas
688 2533 811 2600 formas
840 2545 873 2600 et
897 2535 1048 2599 notiones
1077 2534 1252 2602 transferri

147 2634 150 2648 ¹
247 2638 419 2733 (cfi'supra
436 2670 468 2736 p.
481 2645 531 2711 18.
554 2645 699 2735 metaph.
714 2646 740 2710 I.
756 2645 800 2732 6,)
820 2682 861 2695 -
888 2644 937 2709 lta
954 2658 984 2710 et
996 2647 1108 2727 Plato,
1132 2670 1273 2734 quem·-

246 2760 424 2828 admodum
458 2762 628 2847 pergitur,
664 2769 700 2822 ut
728 2757 851 2822 similia
878 2750 1040 2823 similibus
1072 2781 1251 2845 cognosce·

245 2870 429 2956 1‘entur2),
460 2854 615 2935 numeros
651 2870 785 2934 eosdem
813 2867 967 2946 αὐτοζῶου
992 2869 1086 2950 fecit,
1115 2874 1250 2938 eosdem

194 3038 198 3043 .
244 2984 350 3047 menti
370 2983 499 3050 indidit.
543 2983 598 3047 Sic
618 2993 757 3067 utraque
778 2982 843 3046 loci
864 3007 940 3070 pars
961 2983 1147 3056 arctissime
1167 3008 1250 3052 cou-

139 3121 142 3137 =
166 3106 171 3113 ’
244 3095 425 3182 jungenda,
447 3119 553 3182 neque
573 3096 675 3159 altera
691 3094 731 3158 ab
751 3095 853 3159 altera
871 3095 1074 3176 divellenda,
1095 3099 1191 3185 quasi
1209 3099 1248 3164 ab

244 3208 303 3272 illo
325 3206 418 3272 ἔτιδὲ
438 3210 489 3272 καὶ
508 3205 604 3280 ἄλλως
624 3207 704 3271 novi
724 3207 803 3302 quid
822 3206 1009 3293 incipiatur.
1052 3209 1248 3292 Quaeritur,

245 3320 326 3409 quid·
345 3319 387 3385 sit
407 3316 482 3412 adel
505 3315 540 3385 τὸ
561 3321 644 3396 ζῶον.
688 3317 823 3406 Duplex
839 3320 929 3383 certe
947 3321 1033 3384 ratio
1053 3342 1124 3386 sese
1139 3322 1247 3391 offer-t.

177 3490 184 3510 „
243 3432 316 3499 Aut
337 3431 366 3496 si
381 3430 441 3500 tibi
456 3429 589 3501 Timaei
608 3430 772 3501 mundum
794 3433 869 3512 ζῶον
889 3430 1026 3501 dicentis
1043 3431 1080 3503 in
1099 3446 1248 3504 mentem

269 3698 295 3767 tl
312 3700 371 3755 Nec
381 3666 468 3769 'plane
485 3700 623 3759 dissimilis
638 3701 781 3757 Platonica
797 3691 956 3770 ἆνᾶμνησιο.
973 3702 1009 3758 of.
1026 3720 1110 3775 cupra
1126 3702 1208 3774 pta

266 3838 297 3908 2)
314 3790 478 3892 Aristoteles
502 3813 575 3892 baluc
599 3832 763 3894 sententiam
782 3834 886 3910 ¹refutat
911 3838 938 3892 d.
961 3842 1044 3894 anim.
1068 3839 1134 3895 155.
1186 3843 1247 3911 Ipsi

226 3939 233 3951 ·
308 3932 401 3978 autem
417 3921 530 3975 eandem
553 3924 756 3993 quodammodo
779 3922 867 3976 redire
890 3922 962 3979 dicas
983 3927 1015 3977 in
1037 3927 1178 3994 praeclaro
1193 3928 1245 3981 illo

309 4003 402 4081 νόησις
419 4003 532 4078 νοήσεως
547 4004 638 4079 νόησις
657 4007 790 4077 (metaph.
807 4008 872 4066 ΧΠ.
886 4007 913 4064 9.
923 4013 961 4066 Λ.
977 4009 1074 4082 lutei.
1091 4010 1211 4077 Brund.)
