2624 4680
609 295 674 377 283
736 368 739 375 .

150 465 201 550 (C.
217 462 274 530 fol.
289 463 346 551 2.).
391 465 581 555 Simplicius
602 465 683 560 haec¹
700 467 802 554 magis
824 467 1030 556 perstrinxit,
1050 461 1153 556 quam⁴

149 579 317 666 explicuit.
370 579 443 644 Jam
465 580 496 644 sii
513 603 609 644 voces
639 579 807 656 conferas,
844 579 980 644 omnino
1004 605 1046 647 an
1070 582 1149 647 haec

32 683 38 698 ’
148 692 211 757 sibi
226 692 312 757 inter
332 717 366 757 se
387 704 463 781 apte
484 694 715 780 respondeant,
738 692 952 757 dubitandum
976 706 1035 759 est.
1079 695 1150 760 Ne·

87 802 90 809 ’
147 827 212 891 que
231 807 320 874 enim
336 805 524 892 Simplicius
546 805 586 893 ad
606 802 643 870 τὰ
664 799 828 883 incarnari,
851 802 1033 871 secundum
1057 807 1148 872 ordi·

104 968 112 985 1
146 941 236 993 nem,
259 919 370 983 divina
386 917 539 994 referret,
559 919 641 982 sicut
654 918 766 983 retulit
780 917 984 1005 Philoponus
1000 920 1040 983 ad
1057 915 1149 1004 οοητέο

147 1055 215 1111 sua,
235 1044 318 1118 quae
331 1026 407 1097 aiud
423 1029 458 1096 τὸ
475 1033 549 1119 ζῶον
563 1041 718 1119 tanqpam
735 1029 881 1119 primum
898 1031 1077 1119 excipiunt.
1114 1033 1149 1096 Si

15 1192 18 1200 .
83 1214 86 1227 y
147 1146 354 1223 Brandisius,
384 1155 419 1208 ut
438 1143 713 1230 quadripartitum
741 1141 830 1236 hunc
852 1165 965 1232 rerum
994 1144 1149 1210 ordinem
1199 1155 1202 1172 ¹

149 1280 229 1323 vere
248 1256 456 1322 Platonicum
493 1256 664 1345 probaret,
692 1280 711 1321 e
734 1256 818 1321 libro
840 1255 987 1320 Platonis
1013 1257 1055 1341 de
1078 1279 1147 1346 rep.

145 1368 206 1438 Vt.
229 1381 261 1435 et
282 1369 358 1436 Vll.
379 1363 529 1449 sinuntur,
552 1375 669 1448 πίστιν,
691 1369 843 1447 citaretur,
870 1364 976 1454 νόησον
997 1371 1150 1448 contulit,

147 1483 333 1548 verendum
352 1493 415 1558 est,
446 1505 489 1545 ne
516 1485 635 1571 'eiurata
661 1482 697 1546 in
718 1493 834 1546 natura
856 1481 1038 1567 imaginem
1059 1482 1150 1547 rele-

144 1608 239 1660 rente
257 1596 371 1684 posita·
384 1595 448 1673 (Pl.
465 1593 579 1683 p.510.
595 1595 639 1678 a.)
660 1603 724 1671 τοῖς
736 1591 919 1679 αἰσθητοῖξ,
941 1615 1026 1680 quae
1043 1593 1150 1680 μερικὰ

145 1719 178 1774 et
197 1706 294 1791 ἄτομα
314 1707 535 1794 Ρὴϋοροουο
549 1717 661 1785 vocat,
689 1718 785 1793 atque
807 1702 923 1772 διάνοια
952 1707 988 1772 in
1017 1708 1149 1774 mathe-

127 1821 271 1905 maticis
288 1821 347 1885 sita
364 1829 429 1896 τοῖς
444 1822 705 1905 ramentorum,
727 1843 810 1906 quae
830 1831 985 1905 tanquam
1007 1820 1150 1886 alterum

52 1960 53 1965 ¹
145 1935 299 1999 ordinem
309 1942 441 2005 *rursus
471 1953 547 1999 cum
574 1943 641 2010 τοῖς
661 1943 783 2018 νοητοῖς
810 1931 1001 2010 confundit,
1037 1933 1150 1998 minus

144 2045 375 2135 1·espondeant.'
436 2045 473 2110 Si
504 2057 633 2113 certum
668 2058 769 2124 esset,
815 2045 897 2110 haec
930 2045 972 2110 ab
1005 2045 1073 2113 illis
1106 2069 1150 2111 ex

144 2158 335 2227 Aristotelis
362 2159 449 2226 libro
485 2158 528 2224 de
555 2159 649 2226 Bono
679 2159 824 2224 secundo
853 2158 888 2223 in
918 2157 1008 2229 hunc
1035 2161 1149 2237 locum

146 2273 294 2339 derivata
315 2295 401 2337 esse:
424 2271 526 2337 fidem
547 2270 761 2353 haberemus,
782 2268 819 2336 ui
836 2271 866 2336 δ’
887 2268 966 2336 tlte
986 2268 1148 2359 ὁμοιοτρό-

69 2412 70 2415 ’
145 2410 209 2463 πως
230 2385 271 2451 ad
292 2384 373 2449 haec
395 2383 459 2448 tria
480 2383 609 2468 reliqua
627 2405 750 2471 genera
768 2382 948 2473 pertinere.
992 2383 1059 2450 Sed
1080 2410 1145 2452 non

79 2506 84 2516 “
146 2509 275 2562 certum
297 2508 356 2562 est.
410 2495 596 2562 Johannem
616 2496 844 2586 Philoponum
864 2521 932 2563 non
955 2489 1060 2585 ipsius
1085 2499 1146 2565 niti

69 2614 73 2618 ’
144 2608 335 2679 Aristotelis
362 2599 572 2687 testimoniis,
600 2631 640 2687 eo
670 2608 755 2674 mihi
783 2611 1015 2699 persuadetur,
1045 2614 1150 2699 quod,

145 2746 210 2810 quo
238 2734 338 2788 tetras
360 2722 395 2788 in
417 2720 650 2810 metaphysicis
677 2722 781 2787 relata
809 2725 866 2800 sit,
895 2724 1034 2789 omnino
1062 2706 1145 2791 tacet

90 2815 95 2824 ¹
145 2836 240 2903 etad
271 2835 470 2922 theologiam
500 2833 657 2914 remittit,
690 2857 757 2920 quo
787 2848 899 2902 autem
926 2837 961 2902 in
991 2837 1143 2926 physicis,

145 2950 243 3037 plane
272 2949 428 3034 ignorare
452 2945 579 3012 fatetur.
644 2945 822 3030 Quomodo
845 2951 939 3023 enim,
954 2931 1144 3034 ignorasset,

145 3064 173 3128 si
193 3062 252 3128 illo
273 3059 462 3128 Aristotelis
495 3058 536 3124 de
563 3059 774 3150 philosophia
812 3060 897 3127 libro
932 3056 1011 3136 usus
1040 3066 1143 3130 essetl

145 3199 226 3242 num
255 3186 289 3240 et
316 3174 371 3239 hic
398 3172 533 3239 tacuisse
555 3171 813 3242 existimandus?
833 3211 876 3225 -
892 3209 936 3228 ·-
965 3175 1099 3244 Deinde
1118 3178 1143 3244 si

146 3290 224 3355 dicit
246 3289 282 3366 in
305 3287 363 3363 iis,
394 3309 477 3373 quae
505 3307 619 3351 sensus
640 3285 765 3352 feriunt
785 3286 840 3374 (ἐν
862 3298 926 3366 τοῖς
946 3291 1143 3374 οἰοθητοῖς),

147 3402 291 3489 monada
313 3424 432 3488 capere
452 3410 631 3489 punctum,
655 3401 763 3487 dyada
784 3400 925 3480 lineam,
946 3401 1052 3468 triada
1073 3405 1146 3492 pla·-

148 3537 246 3592 num,
270 3514 401 3605 'tetrada
430 3513 538 3602 ipsum
562 3514 723 3584 solidumz
758 3513 839 3580 haec
855 3538 878 3605 a
898 3515 1038 3580 Platone
1058 3529 1145 3582 certe

149 3627 237 3692 inter
266 3625 511 3705 mathematica,
540 3648 622 3712 quae
645 3626 698 3692 hic
726 3626 863 3692 omnino
886 3628 1033 3712 neglecta
1062 3641 1145 3706 aunt,
1182 3640 1184 3649 '

148 3738 254 3829 posita
277 3744 399 3815 essent,
427 3712 471 3804 ut·
484 3740 558 3808 loca
579 3741 731 3826 quidem,
761 3762 844 3827 quae
866 3741 1144 3828 pertractavimus,

149 3875 286 3941 poscere
307 3854 471 3918 videntur.
513 3852 666 3938 Denique
685 3853 742 3919 illa
763 3874 911 3941 quoque,
932 3876 1014 3936 quae
1037 3855 1079 3920 de
1093 3878 1146 3920 re-

85 3946 87 3950 Α
149 3990 227 4036 rum
255 3965 466 4056 aprincipiis
499 3963 682 4031 defectione
715 3968 814 4034 allata
848 3977 941 4040 sunt,
978 3967 1020 4032 ad
1057 3969 1147 4051 cujus
