2624 4680
552 340 629 433 61¹

71 521 293 587 differentiam
319 520 501 586 deseruisse
521 519 598 584 satis
619 532 746 584 constat
763 520 802 604 ¹).
853 508 949 603 Quee
972 508 1076 607 quum
1227 570 1230 577 .

68 638 115 701 ita
134 635 221 715 sint,
251 647 289 700 ut
313 657 434 709 rerum
456 644 653 711 etcertum,
682 633 899 699 etiamsinon
922 654 1076 722 assequa-

66 771 165 830 mur,
194 749 313 812 saltem
339 758 520 824 sectemur,
549 746 697 832 singulae
720 758 752 813 et
781 747 1023 833 interpretandi
1045 758 1077 816 et

67 860 290 953 componendi
307 861 381 924 viae
402 859 589 925 tentandae.
631 860 783 924 Primum
800 860 979 946 quaeritur,
995 864 1075 948 quid

54 956 111 1039 'sit
131 971 166 1039 τὸ
187 972 335 1058 πρότερον
349 975 400 1038 καὶ
415 970 450 1037 τὸ
467 967 601 1056 ὕστερον.
645 973 708 1038 Οαί
729 973 824 1038 ideae
845 973 1074 1055 obversantur,

65 1085 96 1151 is
118 1085 215 1150 facile
236 1086 288 1149 his
311 1085 419 1150 verbis
442 1081 477 1149 τὸ
497 1084 673 1169 γίγνεσθαι,
697 1087 783 1170 quod
808 1086 843 1150 in
865 1110 905 1150 eo
926 1087 1074 1172 positum
1164 1063 1167 1071 Ι

66 1209 135 1275 est,
157 1210 194 1262 ut
214 1198 310 1286 prius
330 1198 507 1286 posteriori
528 1197 650 1262 sensim
672 1197 859 1284 sensimque
881 1197 1074 1286 excipiatur,

64 1310 246 1397 significari
260 1309 420 1390 conjiciat.
450 1308 548 1392 Quod
566 1310 592 1372 si
610 1309 650 1373 ad
668 1311 818 1398 priorem
832 1309 944 1377 locum
964 1325 1075 1380 trans·

62 1422 188 1497 ferres,
209 1422 303 1486 ideae
325 1421 353 1486 is
376 1444 450 1486 esse
464 1433 597 1508 possent
618 1445 795 1500 uumerus,
818 1423 875 1508 qui
889 1435 1018 1490 teneret
1039 1425 1074 1492 τὸ

62 1538 240 1621 γίγνεσθαι,
262 1535 318 1621 qui
336 1535 371 1598 in
387 1530 593 1601 nascentibus
608 1535 707 1600 rebus
724 1535 816 1620 quasi
832 1536 1072 1621 dominaretur,

62 1649 129 1714 nisi
142 1648 224 1713 illud
247 1650 323 1733 ἔχειν
346 1647 444 1735 paulo
461 1645 668 1712 artificiosius
690 1659 835 1728 „tenere,
857 1655 997 1736 1·egere“
1015 1653 1072 1725 iud

61 1759 242 1849 terpretari
271 1748 424 1844 religiorii
454 1759 600 1823 duceres.
660 1759 818 1844 Quocum
848 1757 1072 1846 consentirent

62 1874 179 1963 priora
194 1872 327 1938 alterius
350 1871 434 1936 locis
457 1895 550 1952 „non
563 1871 654 1938 ideas
675 1872 776 1938 factas
794 1897 864 1939 esse
880 1896 930 1951 ea,
944 1876 978 1941 in
995 1881 1071 1963 qui·

62 1987 123 2052 bus
142 1981 177 2050 vt
192 1987 369 2070 γίγνεσθαι,
393 2006 476 2070 quae
494 2007 563 2048 non
578 1984 659 2065 sint,
680 1985 737 2050 sed
752 1984 869 2050 fiant.“
910 1987 962 2052 Ita
977 2006 1070 2065 vero,

59 2121 146 2184 quae
166 2109 365 2183 sequuntur,
393 2109 593 2186 „propterea
615 2121 677 2162 nec
697 2119 917 2163 numerorum
940 2122 1071 2188 parasse

57 2211 193 2277 ideam“
214 2210 585 2293 just0⁸nexu2destituta
629 2208 726 2293 Quae
746 2210 880 2296 quidem
896 2233 937 2274 eo
952 2210 1070 2275 diffici-

58 2326 146 2397 liora
161 2324 371 2400 videbuntur,
385 2345 451 2408 quo
462 2323 592 2423 qtarius,
602 2345 759 2386 numeros
773 2346 841 2405 esse
855 2322 955 2385 tactos
970 2323 1069 2402 ideas,

60 2450 133 2505 tum
145 2462 164 2503 e
177 2428 324 2525 Platonis
338 2436 516 2501 Phaedone
530 2447 603 2500 tum
618 2458 660 2499 ex
668 2436 858 2500 Aristotelis
874 2437 1068 2500 testimoniis

63 2564 163 2640 patet.
205 2557 258 2643 Ex
278 2549 330 2614 his
351 2554 389 2614 ut
403 2532 519 2635 aliquis
541 2559 630 2620 certe
652 2548 758 2612 exitus
774 2547 953 2624 muniatur,
975 2550 1066 2614 locus

60 2664 282 2732 conferendus
304 2673 367 2740 est,
397 2662 454 2727 ubi
475 2661 687 2739 Aristoleles,
720 2659 799 2745 quid
821 2659 953 2726 Platoni
975 2662 1068 2748 prius
1156 2719 1160 2735 ,

60 2792 93 2848 et
108 2777 270 2868 posterius
293 2778 418 2842 dictum
432 2776 490 2852 sit,
514 2771 765 2849 commemorat,
787 2754 933 2859 metaph.
952 2772 997 2837 V.
1016 2772 1068 2836 11.
1123 2810 1130 2827 κ

59 2899 101 2961 Δ.
122 2891 243 2981 p.103r
265 2890 389 2958 Brand.
417 2891 465 2955 ἔτι
484 2881 618 2972 πρότερα
638 2882 757 2971 λέγεται
775 2877 813 2951 cd
834 2889 895 2949 τῶν
913 2870 1069 2969 προτέραν

58 3001 170 3090 πάθη,
193 3005 258 3071 αἶαν
276 3001 416 3090 εὐθύτης
436 2997 610 3084 λειότητος·
632 2994 667 3063 τὸ
688 2992 814 3082 μὲνγὰρ
831 3002 968 3083 γραμμῆς
986 2996 1063 3062 καθ’

58 3117 157 3204 atsur
176 3115 300 3198 πάθας,
322 3112 358 3182 ’τὸ
381 3117 415 3182 di
436 3112 630 3197 ἐπιφανείας·
652 3107 690 3176 τὰ
711 3107 825 3195 μὲνδὴ
850 3104 930 3174 oden
950 3105 1082 3195 λέγεται,

59 3231 194 3320 πρότερα
221 3230 273 3296 καὶ
300 3226 427 3313 ὕστερα·
465 3225 501 3292 τὰ
523 3223 654 3292 disard
675 3221 837 3307 φύσινκαὶ
859 3219 981 3298 οὐσίαν,
1010 3217 1067 3286 ὅσα
1162 3234 1166 3238 ’

59 3347 210 3435 ἐνδέχεται
230 3344 307 3411 εἶναι
326 3340 398 3409 ἄνευ
417 3339 536 3420 ἄλλων,
557 3341 657 3403 ἐκεῖνα
679 3336 712 3439 di
733 3332 805 3400 ἄνευ
825 3335 946 3400 ἐκείνων
966 3327 1024 3418 μα’·
1047 3320 1070 3419 ᾖ

59 3461 204 3546 διαιρέσει
224 3450 372 3544 ἐχρήσατο
388 3449 530 3519 Πλάτων.
574 3451 623 3516 lta
639 3462 729 3517 certe
745 3450 838 3536 prius
858 3459 891 3513 et
905 3448 1069 3534 posterius

62 3575 104 3641 ab
129 3572 212 3639 ideis
242 3571 350 3645 ab'est,
386 3567 509 3656 quippe
538 3587 623 3651 quae
650 3586 750 3631 verae
781 3584 895 3628 rerum
918 3550 1070 3626 notiones

59 3688 154 3777 ipsae
176 3695 253 3750 sunt
275 3680 439 3762 conditio,
469 3700 512 3745 ex
538 3701 573 3745 se
595 3688 705 3743 autem
728 3675 933 3742 conditiones
956 3673 1071 3737 exclu-

63 3856 274 3884 ραι-..ὴ

90 3959 116 4028 1)
133 3957 187 4014 Cf..
204 3969 288 4024 supra
321 3964 350 4010 et
379 3951 495 4010 uranus
529 3945 563 4006 de
598 3945 713 4020 perditis
736 3946 898 4007 Aristotelis
928 3943 1006 4000 libris
1023 3930 1075 3996 etc.

134 4041 216 4112 nas.
239 4057 281 4110 sq.

672 4131 695 4196 6

612 4294 629 4322 >‹
