2624 4680
438 291 596 424 ,ss

74 513 139 569 tur.
182 503 244 591 Illa
260 505 367 586 enim',
388 506 421 571 id
440 507 527 591 quod
545 499 696 595 exempla
719 507 844 589 adjecta
865 508 1007 595 probant
1029 508 1095 598 (sd,

72 599 257 690 ψυχρότερον
273 607 322 671 καὶ
337 604 541 691 θερμότερον,
563 605 598 673 τὸ
620 603 738 690 σφόδρα
753 609 803 673 καὶ
819 609 943 694 ἠρέμα),
964 610 1075 676 minus

71 704 201 771 infinita
227 707 380 788 dicenda,
403 731 501 795 quam
523 730 591 772 non
613 707 848 786 determinata,
877 733 1077 795 quamquam

72 817 105 872 et
126 806 161 873 in
185 807 235 872 his
258 809 365 875 mutui
395 809 516 874 harum
543 810 718 874 notionum
748 812 957 886 commercii,
987 815 1075 898 quod
1130 848 1133 854 =

63 908 171 991 =etiam
186 911 220 975 in
235 933 355 997 magno
372 924 403 977 et
418 934 524 998 parvo
542 911 700 990 cernitur,
719 911 899 999 impressae
913 914 1076 998 quaedam

72 1021 170 1075 'notae
192 1011 289 1079 facile
318 1024 553 1099 agnoscuntur.
616 1014 696 1078 Non
732 1013 842 1078 minus
874 1016 1077 1082 conferenda·
1121 1097 1123 1102 .

72 1124 148 1177 sunt
182 1112 294 1179 ταῦιὸν
330 1129 362 1181 et
389 1111 522 1198 θάτερον
555 1113 748 1203 eSophista
778 1118 908 1205 (pust.
932 1118 1010 1204 sq),
1043 1128 1076 1182 et
1167 1172 1170 1192 ,

73 1212 203 1280 Timaei
225 1217 389 1306 principia
411 1218 516 1306 (p.35.
535 1215 597 1302 sq.)
620 1214 639 1302 ἡ
661 1215 806 1301 ἇμερίσνή
830 1218 917 1282 οὐσία
937 1231 969 1284 et
989 1244 1074 1300 μερι·

44 1383 49 1389 ,
70 1313 144 1399 σπη’,
166 1318 211 1383 ita
233 1331 419 1402 tameu,.ut
438 1314 588 1402 θάτερον,
612 1314 632 1401 ἡ
650 1317 773 1402 μεριστὴ
793 1318 881 1384 οὐσία
903 1343 1024 1406 magno
1042 1330 1075 1385 et

68 1439 176 1506 parvo
197 1422 433 1508 respondeant,
455 1422 545 1503 cujus
567 1421 616 1486 rei
631 1421 752 1485 indicia
766 1444 867 1509 supra
886 1421 1075 1487 exAristo-
1152 1439 1174 1473 f

71 1525 135 1586 tale
157 1523 340 1602 attulimus,
362 1521 551 1589 enimvero
568 1534 600 1588 et
616 1520 650 1587 td
671 1522 831 1606 ἀμέριστον
848 1523 879 1587 ei
896 1524 1074 1611 principio,

71 1625 159 1710 quod
174 1625 368 1690 Aristoteles
392 1622 425 1689 τὸ
449 1631 482 1690 ἓν
505 1623 709 1712 significavit.
765 1625 883 1709 Neque
905 1626 1074 1712 quomodo

71 1727 144 1790 talis
166 1727 289 1815 duplex
311 1736 440 1818 natura
453 1728 579 1810 (idealis
595 1739 626 1791 et
645 1725 851 1823 materialis),
872 1721 976 1812 qualis
998 1727 1073 1791 sari·

16 1846 20 1851 ’
70 1833 125 1892 τσῦ
159 1840 192 1893 et
219 1832 356 1912 θατέρου
385 1829 554 1894 vocabulis
585 1828 777 1905 denotatur,
813 1831 848 1895 in
886 1829 1007 1916 magno
1042 1841 1076 1893 et·

68 1951 174 2018 parvo
189 1931 362 2012 conjuncta
382 1931 518 2016 cogitari
535 1930 652 2018 possit,
675 1943 710 1995 ut
724 1933 918 1998 Brandisius
933 1931 1075 1996 innuero

70 2032 203 2096 videtur
239 2033 383 2118 (diatrib.
403 2024 491 2098 laud.
516 2055 546 2118 p.
557 2031 609 2098 64.
630 2031 713 2117 ou),
741 2035 816 2098 satis
846 2032 1074 2121 perspicimus.

69 2133 118 2198 lta
144 2135 172 2199 si
193 2133 274 2199 haec
295 2135 361 2199 duo
384 2134 546 2221 principia
566 2131 654 2200 inter
674 2143 711 2199 ‘se
734 2137 884 2223 opposita
914 2134 1022 2217 (idem
1042 2141 1074 2198 et

70 2237 223 2320 alterum)
244 2231 318 2319 jam¹
332 2237 403 2300 solo
424 2258 543 2322 magno
565 2247 597 2300 et
618 2258 724 2322 parvo
747 2236 937 2324 occupanda
957 2244 1074 2309 essent,

69 2337 148 2423 quid
172 2338 303 2402 tandem
335 2339 423 2426 apud
446 2337 616 2402 Platonem
644 2337 908 2422 relinqueretur,
943 2359 1008 2421 quo
1037 2332 1076 2401 ul

70 2444 117 2517 ἕν,
140 2440 181 2504 de
203 2462 268 2526 quo
287 2440 482 2505 Aristoteles
503 2438 620 2515 tradit,
642 2440 846 2526 pertineret?
867 2474 909 2490 -·
946 2440 986 2504 ln
1008 2438 1074 2503 alio

68 2541 217 2607 Platonis
239 2543 328 2621 loco,
351 2542 408 2606 illo
430 2541 563 2626 quidem
586 2563 698 2627 perse
721 2541 810 2606 claro
830 2553 862 2606 et
874 2538 1009 2617 leviori,
1032 2532 1073 2604 ab

67 2644 250 2711 Aristotele
271 2645 312 2708 de
334 2666 456 2727 magno
473 2654 506 2707 et
526 2665 631 2730 parvo
653 2643 786 2706 edoctus
807 2666 941 2729 gravem
966 2666 1073 2728 quan·

69 2746 146 2811 dam
170 2757 203 2810 et
222 2759 367 2834 apertam
398 2744 509 2831 magni
539 2755 571 2808 et
593 2744 690 2830 parvi
719 2745 990 2830 significationem
1018 2745 1075 2809 ina

68 2848 229 2914 venerim.
258 2848 343 2936 Rep.
356 2847 435 2913 Vll.
451 2871 482 2936 p.
493 2845 568 2914 524.
584 2846 616 2912 d.
646 2841 706 2910 Διὰ
720 2845 753 2911 δὲ
769 2844 825 2930 τήν
845 2842 956 2911 τούτου
971 2843 1073 2928 σαφή-

69 2935 161 3028 νειαν,
169 2953 243 3036 μέγα
258 2944 298 3014 αὖ
309 2951 358 3013 καὶ
372 2945 496 3032 σμικρὸν
508 2944 528 3033 ἦ
545 2942 647 3033 νόησας
660 2943 842 3034 ἠναγκάσθη
854 2948 939 3027 ἰδεῖν,
949 2947 985 3012 αὖ
1000 2972 1074 3031 ocy-

68 3055 230 3136 νεχαμὲνα,
251 3048 329 3116 ἀλλὰ
346 3051 536 3134 διωριςμένα,
559 3053 733 3148 τούναντίον
753 3048 774 3135 ἢ
792 3051 907 3139 Ι«ἐντείναι.
932 3050 1073 3134 utnon·
1104 3064 1127 3123 f

33 3168 48 3183 '‘
72 3154 193 3220 Οὐκοῦν
208 3156 354 3220 ἐντεῦθέν
367 3158 470 3218 ποθεν
483 3159 605 3236 πρῶτον
619 3155 674 3238 μὲν
688 3155 844 3238 ἐπέρχεται
857 3156 985 3237 ἔρεσθαι
999 3149 1074 3232 ἡμῖν

70 3261 101 3322 τί
113 3247 167 3322 οὗν
182 3256 254 3322 ποτ’
272 3256 337 3322 ἐστὶ
354 3252 389 3320 τὸ
405 3246 479 3340 μέγα
491 3251 532 3320 αὖ
543 3258 594 3323 καὶ
610 3255 644 3322 τὸ
661 3255 801 3339 σμικρόν·
820 3250 1006 3320 Παντάπασι
1019 3253 1075 3334 μὲν

71 3353 143 3426 οὖν·
159 3361 210 3424 καὶ
225 3355 304 3423 οὕτω
320 3351 359 3438 dri
376 3354 496 3438 τὸμὲν,
514 3356 633 3443 νοητὸν,
647 3346 682 3422 σὺ
698 3356 741 3433 d',
757 3353 866 3443 ὁρατόν
881 3355 1073 3436 ἐκαλέσαμεν.

156 3460 220 3526 Sed
243 3459 381 3546 singulis
403 3459 453 3528 his
475 3457 556 3524 locis
576 3460 709 3546 gravius
731 3470 797 3537 est,
817 3459 906 3545 quod
925 3457 1076 3546 haenc*

69 3564 160 3630 titiac
180 3586 222 3628 ex
242 3562 423 3629 Aristotele
443 3561 578 3627 haustae
601 3561 642 3626 ab
656 3549 815 3626 'universa
831 3560 975 3626 Platonis
995 3558 1075 3646 phi-

70 3665 221 3755 losophia
242 3663 340 3731 facile
357 3663 589 3752 suscipiuntur.
632 3662 845 3730 Ostendimus
862 3662 969 3740 enim,
990 3684 1076 3749 quo-

71 3769 174 3834 modo
195 3789 353 3853 magnum
379 3780 410 3834 et
438 3788 582 3855 parvum
605 3787 682 3830 eum
711 3765 840 3844 locum,
868 3778 906 3830 ut
919 3766 1074 3839 ‚idearum
1100 3798 1108 3805 ·

73 3870 143 3936 vim
158 3868 198 3934 ad
219 3892 272 3934 res
293 3879 503 3947 convertant,
523 3866 585 3931 sibi
599 3879 787 3954 capessant.
829 3868 889 3933 Sin
907 3891 988 3935 vero
1010 3888 1077 3960 nu-

47 4007 55 4016 -·
73 3993 184 4038 meros
204 3970 326 4036 ideales
347 3968 542 4039 remotiores
563 3981 674 4058 putes:
695 3968 732 4034 hi
748 3968 886 4038 tortasse
903 3994 922 4036 a
939 3970 1077 4036 Platone

663 4070 686 4136 7
700 4077 714 4111 a
