2624 4680
543 307 587 372 89

60 476 317 547 similitudinem
345 502 564 548 numerorum
599 479 649 544 vis
683 476 725 542 sit
753 477 950 567 composita,
984 477 1067 543 mihi

59 589 198 674 quidem
217 597 315 657 Neo-
322 592 489 659 Platonica
510 592 588 667 satis
612 593 713 657 olent.

148 702 245 787 Quae
267 727 370 790 quum
392 707 438 771 ita
459 705 543 785 sint,
564 726 674 789 neque
697 703 836 770 obscura
856 704 945 769 itta
934 728 970 769 m
992 704 1067 769 Joh
1130 721 1133 725 '

57 815 243 905 Philoponi
265 817 329 883 loci
348 797 512 906 principio
535 841 577 883 ex
592 815 782 883 Aristotelis
800 818 841 882 de
858 799 1068 905 philosophia
1107 802 1117 813 ’

55 928 173 1010 libris,
208 932 488 1016 quemadmodum
509 931 701 997 Brendisius
740 931 915 1012 judicavit,
951 930 1069 995 hausta
1119 1010 1122 1020 Ι

57 1066 132 1108 esse
160 1055 236 1111 sunt
257 1038 493 1128 'judicanda1t
546 1042 662 1111 Verba
690 1044 821 1126 itta,.si
850 1044 928 1128 quid
959 1044 1069 1123 video,
1177 1127 1181 1141 „

58 1153 147 1219 nihil
164 1156 264 1249 aliud
293 1168 385 1236 sunt,
420 1179 538 1243 quam,
575 1179 658 1242 quae
679 1157 749 1244 ipse
770 1155 966 1222 Aristoteles
993 1156 1067 1220 loco

60 1278 179 1331 nostro
204 1279 359 1353 tanquam
382 1282 459 1334 nota
477 1269 624 1356 posuisse
645 1267 836 1346 videbatur,
846 1269 953 1356 ,brevi
972 1292 1073 1356 prae-s

61 1378 132 1445 cisa
155 1391 187 1446 et
206 1379 360 1448 indicata
411 1384 500 1449 lllud
521 1382 652 1469 ἆριθμο1
673 1382 707 1448 δὲ
728 1381 879 1448 desudarat
901 1381 1067 1446 Johannes

56 1492 265 1582 Philoponus
285 1517 346 1560 sua
367 1495 500 1582 quidem
525 1494 655 1561 ratione
677 1497 788 1561 eloco
811 1497 882 1582 ipso
900 1496 1067 1579 collegisse

58 1606 145 1671 mihi
166 1607 315 1686 videtur,
342 1630 463 1694 quum,
490 1609 540 1673 uti
561 1609 722 1696 expositio
744 1606 856 1686 docet,
886 1629 927 1671 ex
949 1607 1066 1694 primis

59 1729 201 1804 quatuor
224 1719 373 1786 numeris
397 1721 519 1787 decada
540 1721 751 1799 conflaverit,
774 1721 809 1785 id
831 1721 919 1805 quod
944 1744 983 1785 eo
1004 1745 1066 1808 pe-

58 1832 251 1908 riculosius,
281 1834 370 1920 quod
392 1833 429 1898 hi
451 1835 586 1903 numeri
608 1846 726 1900 natura
753 1832 819 1897 sint
848 1833 1067 1901 dissociabiles

58 1939 286 2031 (ἀσύμβλητοι).
330 1945 426 2031 Quae
445 1947 580 2032 quidem
600 1957 800 2033 sequuntur,
822 1946 959 2011 obscura
977 1961 1066 2013 certe

59 2069 95 2122 et
108 2059 276 2145 ambigua,
299 2036 425 2125 sanator
445 2051 500 2145 γᾷρ
515 2065 576 2126 τῶν
594 2060 682 2126 attus
701 2053 811 2124 daucido
827 2060 948 2143 steyn,
971 2084 1066 2145 equi-

59 2171 136 2236 dem
152 2173 280 2238 nonita
298 2173 339 2237 de
354 2172 777 2241 Platonicorum'do'ctrina
794 2172 951 2236 traditum
970 2197 1066 2238 acce-

58 2287 183 2373 perim,
206 2285 486 2373 quemadmodum
501 2285 677 2350 Brundisio
694 2284 817 2373 placuit
831 2285 876 2372 (p.
884 2285 949 2369 58),
972 2290 1066 2370 quasi

58 2398 93 2462 in
117 2399 254 2486 siugulis
277 2398 361 2464 ideis
388 2398 518 2463 decadis
539 2398 611 2468 vim
639 2410 672 2463 et
697 2398 854 2463 virtutem
882 2402 1065 2467 statuerint.

61 2510 161 2596 Quod
183 2513 212 2577 si
234 2514 296 2578 sibi
316 2512 474 2578 voluisset
496 2490 766 2605 commentator,¹
782 2512 849 2595 jam
870 2514 919 2578 uti
940 2516 1066 2600 reliqua
1103 2514 1105 2518 ’

58 2639 208 2691 accurate
223 2626 394 2714 exposuit,
415 2625 461 2691 ita
474 2636 563 2690 certe
584 2638 616 2690 et
633 2626 713 2693 haec
729 2636 920 2712 persecutus
941 2626 1065 2694 fuisset.
1156 2614 1159 2620 ¹

58 2738 133 2804 dam
162 2763 244 2805 vero
266 2738 426 2825 quoniam
453 2739 606 2805 omnibus
634 2738 810 2824 generibus
833 2749 866 2802 et
892 2739 951 2816 iis,
981 2764 1065 2827 quae

58 2852 188 2917 rationo
215 2852 460 2939 intelliguntur,
488 2863 522 2917 et
543 2852 602 2932 iis,
626 2873 710 2938 quae
731 2863 850 2928 natura
872 2860 1003 2938 genuit,
1033 2867 1066 2921 ot
1122 2837 1127 2845 ⁸
1175 2888 1178 2895 ¹

58 2963 118 3042 iis,
132 2987 216 3051 quae
231 2989 328 3036 sensu
348 2965 595 3054 percipiuntur,
618 2965 744 3031 tetrada
763 2964 785 3029 i.
803 2953 830 3031 e.
854 2989 947 3031 esua
961 2968 1064 3055 ipsius

58 3079 218 3143 sententia
241 3078 363 3144 decada
386 3079 608 3169 praepositam
629 3079 684 3146 vel
706 3080 976 3169 praeponendam
999 3104 1066 3168 pu-

60 3192 159 3256 tavit
186 3191 269 3256 nihil
291 3193 343 3258 ad
356 3215 475 3259 verum
497 3193 636 3281 propius
661 3194 817 3259 accedere
837 3203 934 3280 puto,
964 3217 1064 3280 quam

58 3303 141 3369 haeo
176 3327 299 3390 genera
332 3306 558 3392 Philoponum
601 3305 799 3390 significasse
836 3305 945 3385 verbis
982 3307 1065 3373 illis.

58 3423 185 3488 ἕκαστον
204 3416 258 3505 γὰρ
279 3423 339 3488 τῶν
359 3418 448 3485 εἰδῶν
468 3414 579 3487 δεκάδα
599 3417 709 3504 ἔλεγον

94 3580 99 3601 Ι
286 3588 288 3597 ι

58 3613 267 3635 ffl

534 3648 538 3675 t

87 3735 146 3806 1)
132 3740 232 3808 ιστορεῖ
246 3733 294 3800 ovo
311 3737 366 3800 ἐκει
354 3738 424 3810 ”(1ιι
440 3739 519 3795 libris
529 3740 562 3795 de
578 3736 820 3808 philosophia)
786 3759 838 3810 την
853 3740 1004 3842 Ili-qvorvm
1017 3751 1070 3802 net.

128 3822 184 3878 τῶν
201 3827 399 3895 Πυθαγορείων
415 3833 476 3895 περὶ
493 3821 549 3879 τῶν
564 3820 652 3880 ὄντων
669 3832 714 3878 καὶ
731 3823 785 3880 τῶν
804 3821 896 3925 oipxu'iv
913 3824 1001 3886 αὗτῶν
1017 3828 1063 3884 do'·

127 3907 187 3974 ξαν
228 3902 344 3979 λέγει
315 3928 362 3963 ουν
385 3908 495 3975 φάςκειν
522 3905 630 3975 adrosis,
653 3901 696 3964 ὅτι
713 3904 967 3984 τοῖ”ε11ηᾶριθμο1
988 3910 1062 3980 εἰσιν,

130 3988 290 4064 ἄριθμοὶδὲ
307 3991 442 4083 denqdruot
430 3999 454 4050 1·
472 3995 585 4053 ἕκαστον
596 3993 647 4071 γάρ
664 3992 814 4054 consitor
830 3994 930 4053 δεκάδα
945 3997 1045 4070 ἔλεγον.
