2624 4680
608 287 630 349 ⁶
683 314 686 319 ,

29 514 38 543 ,
62 514 68 518 .
179 429 359 527 Niiienim
369 454 543 565 Platonem
556 429 688 522 sibimet
700 453 972 548 ipsirepugnasse
985 456 1122 525 credere

118 567 284 652 vel-imus,
301 567 335 635 id
357 591 422 656 pro
442 578 533 640 nerto
552 565 751 635 habendum
761 579 835 644 „est
851 569 934 637 siout
928 569 1152 673 prioribus·

65 751 67 755 ,
119 680 260 772 dialogis
294 681 393 788 qpasi
418 690 596 808 praeparat
630 678 862 773 posteriores,
886 681 1123 771 posterioribus

71 828 75 835 ¹
118 794 248 862 evolvit
253 795 425 884 priores,
433 795 480 863 ita
499 805 536 860 ot
549 793 601 860 in
581 787 721 859 scholis
739 793 946 867 continuasse
964 794 1123 882 dialogos,

120 925 209 995 quae
226 907 418 995 reliquerit,
438 906 634 986 absolvisse,
653 917 750 993 atque
766 896 920 973 omnibus
937 905 1125 978 adsumme

122 1020 288 1110 principia
310 1021 496 1110 perductis,
530 1017 647 1085 intima
671 1017 768 1104 quasi·
792 1018 920 1085 wmina
946 1018 1125 1108 aperuisse.

124 1133 228 1217 Cujus
246 1133 445 1200 reieliamsi
468 1132 747 1221 primaestaotum
768 1129 876 1197 lineae
894 1130 969 1197 duci
990 1131 1128 1223 possint,
1161 1168 1164 1177 ·

124 1258 226 1313 erunt
253 1257 373 1313 umen·
393 1246 564 1334 symbolae
588 1242 747 1331 quaedam
774 1243 816 1310 ad
838 1242 1127 1332 Platonempeni·

123 1359 193 1424 tius
209 1350 472 1445 intelligendsiin.
515 1356 647 1423 Deinde
661 1373 770 1442 ,quum
789 1378 809 1422 a
827 1355 974 1422 Platonis
993 1365 1128 1439 senteu-

49 1456 52 1461 ¹
122 1470 250 1537 ciarum
270 1472 359 1559 apud
378 1471 592 1538 Aristotelem
615 1466 997 1569 mentioneAristotolis
1022 1466 1127 1535 cleiis

36 1576 45 1588 ’
122 1582 284 1666 iudicium
311 1604 481 1669 nunquam
502 1580 575 1647 fere
601 1580 798 1664 disjunctum
820 1581 879 1659 sit,
902 1578 957 1645 fiet
978 1579 1128 1660 fortasse,

43 1717 46 1728 ·
124 1706 179 1775 ut,
199 1695 265 1765 illis
287 1695 475 1774 illustratis,
504 1692 568 1777 hoc
588 1715 718 1780 quoqne
743 1690 844 1776 magis
866 1691 1010 1773 eluceat,
1029 1704 1128 1779 atquo

53 1845 59 1856 =
124 1815 187 1886 ut,
211 1829 296 1893 quae
321 1807 409 1873 inter
428 1786 690 1892 utrumquein
706 1803 844 1892 propria
857 1880 860 1888 Ι
872 1796 1129 1893 philosophandi

126 1916 258 1985 ratione
277 1918 505 2003 intercesserit
533 1931 568 1985 ot
600 1915 781 1986 similitudo
816 1919 864 1981 et'
873 1913 1128 2028 dissimilitudo,

59 2050 63 2054 ·
126 2029 248 2099 clarius
268 2031 478 2118 intelligatur.
592 2100 596 2102 ,
703 2079 710 2088 ψ.
750 2071 752 2074 -
820 2062 822 2066 ·
850 2064 854 2086 ι

98 2170 166 2225 g·
213 2143 321 2209 Nobis
341 2144 453 2230 itaque
473 2141 686 2232 propositum
696 2151 762 2221 est,
785 2162 870 2228 quae
891 2087 979 2231 apud
994 2139 1131 2211 Aristo·

125 2256 226 2322 telem
239 2257 284 2328 de
298 2256 435 2331 Platone
449 2257 631 2342 leguntur,
638 2253 687 2320 ita
705 2265 843 2323 tractare
863 2265 896 2321 et
916 2275 1130 2389 componere,

94 2413 96 2418 .
128 2378 167 2443 ut
182 2389 312 2434 summa
327 2379 369 2450 et
379 2369 535 2435 universa
546 2367 693 2454 Platonis
706 2342 942 2457 philosophia,
962 2354 1067 2455 qualis
1085 2367 1128 2434 ab
1144 2435 1147 2442 ,

3 2528 8 2553 ,
127 2477 309 2563 Aristotele
339 2489 451 2559 mente
476 2489 636 2568 concepta
665 2490 732 2557 ost,
760 2469 1003 2558 adumbretur,
1021 2501 1130 2564 eoque

126 2587 201 2677 ipso
208 2637 219 2669 ,
240 2590 344 2676 qualis
360 2591 535 2671 aPlatone
558 2590 792 2679 proposita,‚si
814 2591 887 2658 fieri
909 2590 1029 2681 possit,
1049 2590 1129 2657 illu-

126 2714 270 2772 stretur,
301 2686 398 2791 Quae
419 2703 460 2770 ab
480 2701 542 2791 hac
558 2705 704 2790 generali
721 2703 909 2790 quaestione
928 2705 965 2769 in
984 2703 1127 2789 singulas

8 2825 12 2831 '
61 2852 65 2860 ·
125 2815 357 2905 philosophias
377 2800 585 2904 pi1·tes,sive
606 2815 775 2904 physicas,
796 2815 865 2883 sive
884 2814 1007 2911 ethicas
1018 2827 1050 2882 et
1065 2837 1129 2904 po-

117 2928 232 2998 llilicas
251 2927 438 3007 discedunt,
461 2928 657 2994 'secludenda
679 2933 842 3016 putamus.
884 2928 1030 2996 Politiois
1052 2929 1128 3017 qui-

51 3087 53 3090 e
129 3040 206 3107 dem
232 3064 271 3107 eo
300 3034 428 3107 facilius
456 3041 672 3137 supersedere
698 3063 896 3128 ¹possumus,
924 3066 1027 3130 quum
1055 3043 1139 3109 loca

126 3140 236 3243 nuper
253 3155 370 3221 collata
388 3153 455 3220 sint
471 3158 516 3236 ¹).
536 3153 692 3241 Physica
706 3165 837 3235 antem,
854 3177 936 3241 quae
950 3155 1128 3220 Timaeum

34 3305 39 3311 ›
125 3244 272 3333 manime
299 3277 462 3355 spectant,
496 3277 570 3332 tum
589 3267 678 3350 quod
704 3252 950 3351 quodammodo
971 3266 1128 3349 sejuncta,

66 3410 73 3425 t
127 3389 201 3443 tum
221 3377 309 3464 quod
333 3377 517 3445 difficiliora
540 3358 632 3456 sunt,
656 3379 854 3467 peculiarem
878 3381 1044 3468 postulant
1066 3401 1125 3443 ex-

125 3489 333 3578 positionem·
373 3490 519 3578 Utraque
534 3502 644 3557 tamen
661 3501 693 3556 et
708 3490 844 3579 physica
858 3505 891 3558 et
908 3492 1023 3571 ethica,
1043 3513 1126 3578 qua·
1156 3482 1162 3505 ‘

92 3675 94 3687 Ι
126 3611 222 3668 tenus
239 3602 291 3668 .in
319 3602 390 3692 ipsa
419 3604 528 3694 prima
557 3603 766 3692 philosophia
798 3626 872 3697 suas
901 3604 996 3694 quasi
1026 3615 1126 3694 agunt

145 3872 177 3940 ⁴t)
192 3875 238 3928 De
256 3877 293 3931 lia
307 3874 549 3945 quaeArtstoteles
565 3877 595 3946 tn
604 3875 727 3931 Platonis
743 3876 840 3946 politia
857 3877 1033 3946 reprehendit
1048 3868 1125 3934 coin·

190 3964 330 4017 mautatio.
365 3962 480 4028 Scripsit
497 3959 637 4019 Gustatus
655 3965 789 4036 Pinzger,
806 3963 930 4021 silesiae.
958 3965 1034 4032 Lips.
1047 3964 1125 4019 1822.
