2624 4680
556 315 599 382 83

71 483 134 550 ΙΙΙ.
155 485 187 562 6,
209 508 251 550 ex
271 509 338 572 quo
359 488 467 574 aliqua
486 489 600 553 saltem
618 491 806 568 conjectura
821 490 951 578 concipi
972 493 1077 558 liceat.

68 595 122 661 Ibi
150 597 241 662 enim
263 600 460 665 Aristoteles
493 601 622 666 infinita
657 605 714 667 illa
737 603 822 683 duo,
855 624 1016 687 magnum
1045 617 1091 668 et·

67 731 230 797 parvum,
260 713 443 792 dijudicans
464 694 633 795 id'objicit
662 713 810 791 Platoni,
840 738 907 779 non
933 716 964 778 ei
993 737 1076 801 opus

66 845 136 887 esse
159 846 267 907 neque
289 823 418 888 infinito
438 849 564 912 parvo,
594 848 699 911 quum
721 827 862 892 monada
885 827 1074 903 minimum,

66 956 173 1021 neque
196 936 325 1001 infinito
348 961 484 1024 magno,
518 962 623 1024 quum
651 939 772 1004 decada
800 938 954 1004 ultimum
978 940 1073 1008 Faciat

43 1068 254 1135 ¹numerum.
290 1045 420 1184 ποιήσας
449 1049 610 1137 (Πλάτων)
632 1057 735 1132 μέντοι
763 1051 818 1118 δύο
847 1049 1000 1138 (ἄπειρα),
1033 1053 1069 1119 αὖ

62 1165 182 1246 χρῆται.
210 1160 281 1229 ον’τε
299 1161 354 1248 γὰρ
374 1166 408 1228 ἓν
428 1175 493 1240 τοῖς
514 1162 713 1248 ἀριθμοῖς
684 1192 718 1230 ιο
741 1167 793 1230 ἐπι
814 1163 871 1248 τὴν
891 1153 1071 1248 καθαίρεσιν
1094 1236 1102 1245 ,

63 1269 190 1358 α’πιιρον
210 1272 353 1362 ὑπάρχει
383 1273 403 1362 ἡ
434 1275 489 1361 γὰρ
510 1276 602 1358 μονὰς
630 1273 804 1363 ἐλάχιστον·
838 1274 909 1344 αὕιι
937 1281 990 1344 ἐπὶ
1013 1275 1070 1363 τὴν

63 1383 206 1470 αὔξησιν·
233 1393 318 1473 μέχρι
344 1385 398 1473 γὰρ
418 1385 550 1466 δεκάδος
580 1401 663 1455 ποιεῖ
691 1387 743 1455 τόν
769 1387 916 1475 ἀριθμόν.
974 1389 1069 1475 Quae

63 1500 198 1584 qudem
221 1505 372 1588 vulgares
395 1525 551 1568 numeros
574 1505 666 1568 nullo
689 1503 793 1568 limite
814 1503 975 1568 cohibuos
998 1527 1066 1568 nun

62 1621 217 1697 tangere,
237 1615 442 1701 intelligit-ur.
484 1617 628 1681 Necesse
649 1617 758 1702 itaque
779 1628 843 1692 est,
864 1617 983 1705 respici
1002 1640 1067 1681 nu·

61 1745 174 1790 meros
194 1727 334 1808 ideal.es‚
371 1728 404 1793 id
436 1731 524 1814 quud
545 1743 636 1794 certo'
661 1754 700 1794 eo
722 1729 878 1818 propius,
910 1729 1067 1814 quoniam
1163 1770 1167 1775 -

58 1834 112 1899 his
135 1849 206 1904 tum
228 1852 440 1927 magnumst
462 1866 603 1929 parvum
624 1845 749 1922 subest,
777 1855 849 1907 tum
882 1837 1065 1907 necessario

60 1947 144 2014 fines
161 1952 295 2036 quidam
319 1955 539 2024 constituendi
561 1967 664 2020 erant.
709 1954 962 2021 Confirmantnr
984 1954 1065 2019 haec

19 2135 23 2139 ,
59 2064 294 2152 metaphysicis
312 2069 393 2133 ΧΠ.
411 2069 442 2132 8.
459 2076 499 2134 Λ.
523 2092 554 2157 p.
567 2069 642 2135 250.
653 2067 786 2160 ⁸Brund.
804 2067 832 2149 ¹)
855 2083 924 2132 nec*
936 2067 1064 2131 dissen-

59 2175 163 2256 tiunt,
193 2200 277 2267 quae
298 2182 371 2246 Joh.
393 2181 597 2268 Philoponus
627 2181 669 2246 ad
691 2180 829 2265 Aristot.
860 2182 892 2245 d.
916 2204 967 2244 an.
989 2179 1013 2242 1.
1030 2181 1063 2246 2.
1141 2174 1144 2181 ’

60 2288 100 2353 0.
122 2292 195 2378 ρι2.
220 2295 365 2359 contulit.
425 2295 466 2358 In
492 2293 566 2360 Joh.
588 2293 766 2380 Philoponi
788 2290 1007 2380 explicatione
1027 2291 1063 2355 id
1097 2330 1103 2347 ι

58 2412 188 2468 tantum
210 2428 264 2470 me
286 2406 443 2484 offendit,
466 2408 554 2492 quod
576 2407 617 2483 ab
640 2429 699 2482 en,
720 2427 921 2491 quamquam
941 2403 977 2467 hi
998 2426 1063 2468 nu-

57 2517 145 2581 meri
173 2519 292 2582 ideales
328 2520 408 2583 tales
441 2521 648 2599 traduntur,¹
673 2519 732 2605 qui
760 2523 847 2584 inter
873 2543 909 2583 se
940 2517 1067 2617 diversi

58 2633 237 2722 convenire
268 2644 300 2696 et
325 2633 360 2697 in
384 2625 489 2696 unum
510 2633 628 2713 conjici
648 2643 812 2718 nequeant
834 2627 1062 2715 (ἀσύμβληιοι),

57 2740 153 2806 decas
182 2745 337 2830 eprimis
368 2757 509 2830 quatuor
530 2746 684 2808 numeris
716 2747 751 2808 in
781 2766 886 2807 unum
916 2742 1004 2805 inter
1025 2763 1061 2804 se

59 2854 241 2936 conjunctis
270 2857 427 2943 gignitur.
492 2855 592 2940 Quod
615 2856 709 2920 Plato
739 2855 860 2919 decada
881 2836 1060 2918 terminum

57 2964 153 3045 fecit,
191 2967 226 3033 id
257 2971 468 3035 ecommuni
499 2967 696 3032 numerandi
731 2968 859 3032 ratione
898 2964 1061 3043 decanica,

58 3102 155 3166 quam
177 3094 214 3145 ut
234 3083 366 3149 unicam
385 3094 416 3147 et
436 3081 676 3147 immutabilem
691 3092 819 3145 veteres
839 3080 936 3146 facile
958 3099 1061 3141 vene·

58 3192 233 3274 rebantur,
254 3195 342 3259 haud
364 3196 463 3260 dubie
484 3194 600 3272 fluxit3
630 3195 718 3279 quod
742 3193 784 3257 ita
805 3203 992 3279 promtum,
1013 3201 1060 3265 ut,

60 3303 121 3368 etsi
144 3304 234 3370 idem
265 3307 306 3371 de
327 3306 477 3373 Philolao
498 3317 531 3372 et
551 3306 703 3396 Archyta
733 3303 915 3369 memoriae
941 3301 1059 3389 prodi-

59 3479 263 3498 m

85 3568 148 3641 1)‘
131 3595 148 3641 η
161 3577 212 3642 μιν
225 3571 276 3646 yria
290 3583 351 3650 περὶ
363 3575 413 3632 ταῖς
428 3573 500 3633 ἰδέαι
512 3573 644 3678 ρπόληψιι
659 3572 818 3676 ριδεμὶαν”
800 3594 854 3641 εχει
869 3552 966 3646 αιιέψιν
981 3567 1061 3626 ἰδίαν.

128 3655 263 3728 αριθμοῦι
286 3682 339 3732 γαρ
362 3661 467 3733 λέγουσι
491 3680 541 3718 ται
558 3658 676 3718 ἰδέαι
647 3676 681 3714 αι’
697 3659 818 3730 λέγοντες
842 3655 881 3714 itit
869 3663 927 3736 έαι,
951 3663 1012 3725 περὶ
1031 3649 1061 3707 δὲ

127 3743 183 3799 τῶν
208 3739 377 3814 &ernnust
360 3768 406 3802 ονε
429 3749 481 3815 μὲν
499 3763 534 3800 wc
550 3754 611 3814 περὶ
628 3740 749 3812 austeus
765 3741 926 3844 λέγάνσιν,
918 3735 963 3796 ὅτε
981 3733 1046 3796 δὲ
1025 3754 1063 3792 us

128 3834 206 3896 μιχρὶ
224 3828 272 3899 τῆς
289 3827 394 3887 isandus
411 3827 577 3928 ὥριαμένιρν·
604 3823 648 3885 δι
671 3823 756 3898 'nvi'
780 3826 872 3882 αἰτίαν
890 3843 1013 3880 τααανταν
1029 3818 1061 3874 voi

128 3911 295 3982 πλῆθος
256 3934 311 3968 των
333 3911 479 3986 α’ριθμῶν,
513 3908 597 3970 οὐθέν
629 3913 740 3982 λέγεται
762 3911 833 3981 μετα
857 3907 968 3979 σπονδῆς
991 3903 1063 3963 ἆπῦ·

64 4027 67 4031 <
132 3994 272 4068 δεικτικῆς.

644 4095 690 4160 fl*
